2348 4146
216 317 383 369 CORPORIS
409 321 614 372 nonnosum.
642 321 787 374 OXYDUM
897 325 939 402 17

68 443 126 504 aqna
140 431 218 502 irigirla
235 446 338 486 ertone
355 435 383 486 in
407 433 503 487 morbis
526 437 607 488 sentis
629 435 753 504 internis,
780 436 841 508 ipris
861 453 943 491 crau·

68 521 191 574 tbematieir
205 523 388 592 norr'exrrptis
397 560 405 588 ,
425 525 452 575 in
469 523 546 575 laude
561 525 618 578 init.
639 525 719 576 Vetus
737 543 793 578 mos
809 526 941 579 increbuit

69 609 126 659 inter
138 608 252 678 quasdam
270 618 358 678 gentes
379 611 504 664 litterales
516 609 641 677 ¹Ali-icae,
664 613 774 666 infantes
799 613 940 668 variolosus

64 696 231 767 ineruptionis
248 700 410 769 pustularum
427 699 509 752 stadia
527 701 607 754 ilario
624 703 778 768 immittere,
805 711 836 756 ut
863 699 941 756 febris

64 783 207 840 vehementia
228 788 545 858 refrenerrrr.,n1eih0dns
567 789 646 858 igitur
672 791 821 858 Curriana,
839 793 941 862 'nuper-

62 873 117 924 n'me
130 889 146 924 a
160 874 290 926 nonnuliis
308 875 425 941 defensa,
452 877 531 944 aegris
556 879 692 930 scarlatina
714 887 838 949 tanquam
860 881 941 947 cayti·

62 963 134 1032 pelate
150 965 286 1018 universali
300 963 397 1016 allectis
412 983 505 1035 aquam
518 965 627 1033 gelidam
646 965 793 1035 injiciendi,
811 967 884 1020 nulla
900 985 941 1018 ra·

62 1051 121 1102 tione
129 1052 200 1120 plane
210 1051 355 1104 damnanda
364 1070 418 1104 esse
424 1053 536 1121 videtur,
551 1055 571 1105 si
580 1054 692 1106 medicas
701 1054 749 1107 rite
759 1063 941 1125 percunctatur

61 1145 165 1190 naturam
182 1139 286 1204 morbi,
305 1141 409 1209 ejusque
427 1140 554 1208 stadium,
573 1159 620 1193 uec
638 1143 742 1210 negligit
755 1142 853 1211 aegroti
865 1141 941 1194 indn-

61 1223 110 1276 leni.
125 1225 293 1279 Praedicatur
310 1227 413 1297 insuper
431 1247 491 1282 usus
509 1245 589 1299 aquae
609 1229 715 1298 frigidae
737 1229 764 1282 in
782 1230 941 1283 contusioni-

63 1309 110 1379 bus,
133 1313 356 1380 ambustiouibns,
380 1317 569 1385 pernionibus,
594 1317 794 1370 incarceratione
816 1317 938 1384 herniae,

59 1398 256 1477 baernorrbagiis,
277 1403 392 1472 inprimis
409 1407 601 1474 metrnrrhagia.
620 1407 651 1460 Iu
668 1406 815 1477 phrenitide
829 1409 939 1476 genuina

59 1489 125 1542 lintea
142 1509 207 1562 aqua
228 1493 377 1543 bnnrrctata
395 1493 472 1564 capiti
490 1495 666 1565 applicantur,
684 1495 783 1566 capillis
808 1495 939 1562 detonsis,

59 1587 94 1630 aut
108 1581 187 1632 vesica
204 1581 290 1633 tectis.
311 1579 359 1631 liic
377 1581 533 1632 monendum
552 1600 606 1636 esse
623 1592 702 1653 puto,
720 1582 850 1653 paralysin
862 1581 939 1654 pedes

57 1665 172 1734 affliaisse,
195 1670 301 1720 incauto
326 1686 390 1738 aqua
415 1669 497 1738 gelida
519 1669 681 1724 fomentatos.
705 1671 937 1742 Babreufiigida,

57 1771 111 1821 qnae
126 1773 140 1806 a
156 1753 236 1823 gradu
256 1755 291 1806 65
308 1753 356 1808 Tb.
378 1755 406 1807 F.
425 1756 566 1826 incipiunt,
595 1757 755 1827 nimiumque
773 1773 788 1808 a
809 1758 940 1810 recentio-

57 1837 116 1890 ribus
126 1841 316 1910 repudiantur,
331 1841 434 1908 levant,
449 1842 498 1896 rite
511 1842 716 1907 accommodata,
732 1843 815 1896 variae
826 1843 941 1896 allectio·
1008 1910 1011 1917 Ι

58 1945 94 1980 nes
116 1933 229 1983 internas
255 1938 335 2001 atque
362 1940 456 2008 augent
480 1931 546 1983 cutis
571 1932 701 1986 elaterem.
728 1931 837 1984 Heroice
855 1937 942 1982 autem

58 2025 139 2085 aguut3
164 2017 283 2090 diruptio
308 2018 376 2069 enim
399 2035 518 2070 vasorum
543 2019 672 2090 ipsiusque
698 2007 782 2070 cordis
807 2017 941 2070 incautum

57 2120 132 2157 eorum
149 2125 224 2159 usum
244 2104 294 2158 fuir
312 2115 399 2158 secuta
418 2109 562 2171 (Portae).
581 2075 753 2160 Stilliaidium
771 2123 853 2206 aquap
870 2105 941 2174 frigi-

57 2190 106 2257 dae,
118 2193 187 2264 quod
200 2193 370 2246 concussione
382 2195 469 2263 potius
482 2196 548 2262 agit,
567 2213 645 2264 quarn
659 2193 769 2264 frigore,
783 2193 859 2248 variis
873 2209 942 2246 mnr—
1011 2207 1012 2212 ’

56 2276 86 2329 bis
101 2299 238 2334 nervorum
257 2282 387 2347 occurrit,
405 2281 520 2352 inprimis
538 2283 710 2351 cephalalgiae
724 2299 847 2334 nervosae
860 2283 941 2354 perti·

56 2367 101 2416 naci
117 2377 141 2419 et
158 2377 251 2420 tutuno
269 2367 405 2420 insanium.
424 2369 525 2421 Balnea
543 2369 629 2440 tepida
653 2369 803 2422 sentiuntur
828 2370 939 2439 primum

57 2451 128 2521 adgr.
145 2457 178 2508 85
195 2455 250 2508 Tb.
268 2456 299 2509 F.
318 2465 396 2527 atque
422 2458 553 2510 calescunt
574 2477 633 2510 enm
656 2475 692 2526 gr.
709 2460 754 2528 95.
779 2459 942 2529 Consopinnt

56 2556 134 2594 nervos
150 2555 177 2597 et
201 2562 265 2596 vasa
286 2544 443 2612 sauguiiera,
467 2553 546 2616 atque
568 2547 782 2615 perspirationem
807 2547 938 2615 adjuvant.

55 2623 251 2684 lamentationes
269 2648 328 2682 cum
346 2632 398 2684 sola
416 2650 482 2704 aqua
500 2633 587 2702 tepida
600 2633 676 2686 simili
690 2633 767 2687 inodo
780 2643 867 2704 partes
880 2651 939 2686 cor·

56 2717 112 2780 poris
126 2719 235 2770 humaui
253 2718 386 2785 afficiunt,
405 2738 457 2790 quo
475 2719 566 2772 balnea
583 2721 696 2788 ejusdem
714 2723 819 2791 teporis.
839 2722 939 2772 Balnea

54 2807 202 2874 raporfferu,
221 2824 289 2876 quac
303 2807 449 2860 universum
463 2807 555 2878 corpus
568 2808 672 2876 afflant,
690 2817 811 2880 potenter
824 2810 934 2861 incitant

54 2899 124 2944 cutem
141 2904 168 2946 et
185 2893 350 2965 ‹baphoresin
368 2905 510 2965 provocant
528 2898 648 2964 (licii),
666 2899 693 2949 in
707 2899 771 2950 arcis
788 2907 876 2956 autern
890 2916 933 2950 su·-

44 2967 144 3032 ¹daturiis
162 2982 262 3032 inclusa
279 2981 352 3033 facile
370 2983 437 3035 liunt
460 2981 651 3036 detrimentosa.
679 2985 802 3038 Partialia
824 2994 938 3039 tumores

54 3063 130 3118 eximie
148 3069 297 3132 resolvunt,
316 3077 343 3120 et
355 3078 458 3121 artuum
471 3071 625 3139 rigiditatem
639 3071 769 3126 minuunt.
790 3075 934 3143 Aquaser·

54 3151 102 3204 uda
117 3158 181 3208 suris
200 3165 245 3208 aut
268 3155 344 3209 dorso
368 3157 481 3228 inspersa
505 3159 595 3212 reterri
619 3159 698 3213 debet
720 3160 752 3212 ad
776 3162 937 3213 irritamenta

57 3239 283 3312 vehementissima,
301 3247 439 3314 citissima,
456 3249 560 3300 actione
576 3247 796 3300 commendabilis.
823 3246 938 3299 Cubicu-

54 3323 97 3378 lum
112 3329 231 3384 balneare
249 3334 275 3385 iu
294 3333 399 3387 aedibus
416 3335 521 3404 privatis
538 3343 687 3388 construere
700 3335 811 3388 docetur
823 3335 851 3386 in
863 3351 936 3387 corn·

53 3419 272 3486 montperiodicis:
287 3421 380 3474 Journ.
388 3421 432 3474 dea
441 3420 528 3476 Luxus
537 3441 563 3476 u.
571 3422 619 3475 der
626 3422 722 3477 Moden
730 3458 739 3487 ,
747 3421 851 3476 Mircst.
862 3423 933 3476 1810.

58 3501 173 3560 Medicina
190 3509 350 3562 verminatio.
370 3509 401 3564 In
418 3500 534 3564 lienitide
552 3519 680 3580 pascente
698 3529 752 3565 nun
769 3513 853 3566 eoluru
868 3512 935 3564 allu-

452 3707 455 3714 ,
545 3692 548 3705 .
814 3647 859 3710 a*

531 3725 550 3756 x
