2336 4144
212 269 310 320 rruc.
334 266 460 318 vostr.
486 271 549 328 sau
575 269 698 322 saorra
721 273 847 324 vacsr.
900 251 972 322 213

105 383 262 445 onnon
284 355 570 456 ιοιιίιιιιιιιιι
590 405 642 458 ax
633 388 750 447 assu

105 507 264 568 OLEUM
285 507 445 582 RUTAE,
466 529 504 567 nx
525 529 614 567 nenas
637 509 699 594 cunr
720 525 950 568 suuurrarraus.

105 628 262 707 Onnum
284 625 511 713 TANACETl
533 647 571 686 nx
592 643 839 688 suuurrarmus

88 768 160 819 Not.
184 765 242 832 504.
261 765 342 817 Fiunt
360 783 394 817 ex
410 765 472 820 oleis
490 749 614 818 aethereis
632 783 691 818 cum
709 765 829 818 saccharo
843 766 974 818 elaeome-

61 855 174 920 chara,
194 869 261 925 qnae
279 871 325 924 per
336 847 368 906 sse
387 853 497 918 dantur,
518 863 567 906 aut
580 854 729 924 pulveribus
743 855 906 909 adteruntnr.
921 857 974 908 ad-

62 943 209 994 stillantur
228 949 292 1010 gutl.
311 939 343 1008 ai
362 938 472 993 sacchar.
492 941 543 993 alb.
562 955 621 994 nne.
641 943 694 994 uni.
745 986 749 992 .
913 943 917 956 ’

92 1029 197 1081 Oleum
215 1029 287 1080 anisi
303 1027 452 1080 aethereum.
471 1029 511 1079 Ea
535 1029 660 1086 omnibus*
680 1030 743 1081 oleis
761 1030 880 1084 aetheriis
898 1031 974 1083 blarr-

63 1117 218 1170 dissimnm.
235 1115 371 1168 ¹Sacclraro
398 1117 555 1185 arlaliquct
581 1118 693 1183 guttulas
719 1119 860 1187 inspersum
884 1125 974 1170 contra

63 1207 146 1258 flatus
169 1207 248 1258 datur
265 1211 291 1258 et
308 1207 416 1258 colicam
434 1206 601 1258 flatulentam.
621 1207 747 1258 Guttulae
766 1206 850 1272 vj-l'
870 1207 973 1276 spiritus

64 1297 121 1346 vini
144 1313 209 1346 unc.
225 1293 252 1367 β
269 1295 367 1345 solutae
390 1301 417 1344 et
442 1293 553 1350 enemati
576 1293 694 1347 additae
694 1287 775 1362 aeque
794 1295 895 1344 utiles
889 1311 916 1344 ιιι
933 1293 975 1345 his

68 1383 212 1434 affectibus
230 1381 323 1460 canalis
340 1379 493 1433 intestinalis
510 1381 689 1435 observantur.
719 1378 823 1450 capillis
849 1381 974 1447 injectum

67 1471 227 1539 pediculos
224 1474 326 1522 necat.
376 1469 379 1474 “
632 1494 636 1525 ι
903 1515 911 1528 ,

96 1559 196 1610 Oleum
215 1557 398 1608 catantiarum
416 1555 565 1610 aethereum.
596 1557 738 1609 Obtinetnr
756 1565 783 1609 et
800 1534 976 1609 destillatione

47 1655 96 1697 ¹et
115 1645 308 1716 expressione3
336 1645 366 1704 fit
392 1653 475 1696 aetate
501 1643 616 1696 fuscum·
636 1645 709 1696 Mora
728 1645 827 1716 aliquot
844 1660 972 1698 annornm

74 1729 184 1803 deponit
211 1731 262 1783 hoc
295 1733 381 1783 oleum
396 1736 627 1784 ‘concrementurls'
644 1731 759 1784 nondum
785 1734 845 1784 satis
872 1742 972 1785 notum.

72 1819 177 1871 Dentur
195 1817 296 1888 aliquot
313 1818 428 1884 guttulae
442 1835 500 1870 corn
514 1817 632 1878 saccharc
647 1815 675 1868 id
682 1819 802 1894 *spasticis
813 1819 975 1870 constrictio·
1042 1834 1045 1842 ·

57 1907 151 1960 'albus
169 1901 309 1959 ventriculi
327 1915 354 1957 ct
367 1905 555 1958 intestinorum.
575 1905 634 1957 vid.
645 1914 709 1956 'not
729 1902 783 1972 po'.¹
803 1923 806 1930 ·

98 1995 201 2046 Oleum
215 1995 291 2044 carri
306 1991 446 2044 cathmum
464 1987 598 2060 insigniter
615 1989 766 2049 eaaestuaus
784 1999 811 2044 et
828 1999 975 2061 penetrans.

74 2081 161 2133 Datur
179 2081 282 2132 interno
301 2087 328 2130 et
345 2074 458 2130 externe*
470 2086 561 2130 contra
578 2075 677 2132 flatus.‘'
723 2093 726 2103 ¹

100 2149 197 2222 (ileum
214 2165 279 2218 citri
294 2165 434 2236 aethereum
453 2167 549 2236 absque
574 2168 627 2218 sola
650 2165 814 2240 expressione
839 2183 854 2218 e
878 2141 988 2220 curticel

74 2255 210 2309 fructuum
229 2239 351 2306 eductum
370 2256 479 2317 (oleum
496 2253 539 2306 del
555 2253 652 2320 cedro)
676 2255 798 2308 suavioris
816 2254 901 2308 odoris
919 2266 973 2319 est,

75 2353 100 2396 et
117 2344 229 2396 crassius
248 2341 391 2409 destillato,
418 2343 462 2394 sed
487 2343 624 2411 degenerat
648 2343 724 2395 citius
743 2342 777 2396 ob
795 2344 978 2412 mucilaginem·

67 2432 232 2483 immixtam.
251 2429 368 2481 Parvulis
385 2425 586 2497 lagenis'vitreis
603 2433 730 2488 inclusum
749 2449 780 2484 ex
795 2429 868 2484 ltalia
882 2432 913 2484 ad
928 2450 975 2486 noa

77 2519 245 2571 transfertur.
278 2518 367 2570 Oleum
394 2520 483 2582 Syrus
500 2517 542 2570 rel
568 2519 659 2570 Zierae
685 2521 801 2572 tenacius
831 2535 863 2571 ex
889 2519 976 2586 Belgia

79 2607 257 2659 transmissum
284 2621 343 2657 cum
361 2623 392 2659 eo
404 2603 548 2669 convenire
574 2601 685 2696 videtur.
713 2607 762 2658 Vis
786 2607 974 2670 carminativa,

78 2695 233 2766 analeptica
331 2699 335 2707 “

104 2779 345 2850 Oleumfireni‘eulr'
369 2755 512 2834 desimam
535 2783 569 2834 ila
606 2799 631 2834 m
642 2776 780 2834 blandum
799 2787 826 2834 et
843 2779 981 2834 subdolae..

79 2869 189 2938 Frigore
207 2869 260 2922 coit
276 2869 304 2920 in
321 2869 509 2940 spissitudinem
524 2801 795 3008 &Q
808 2877 877 2938 gutt.
890 2870 929 2938 ij·
916 2863 976 2936 ·Vj.

106 2958 200 3008 Oleum
209 2956 333 3026 juniperi
356 2955 500 3008 aethereum
517 2972 575 3008 acre
593 2965 620 3008 et
637 2973 668 3008 ex
799 2991 811 3020 ,
838 2955 977 3009 subviride.

80 3043 129 3094 Vis
147 3042 305 3094 stomachica
323 3050 350 3094 et
367 3041 501 3095 diuretica.
520 3043 594 3095 Dosis
612 3052 677 3112 gott.
694 3045 771 3110 ij·X.
789 3027 901 3095 Externa
918 3041 982 3094 lini·

79 3131 173 3182 mentis
191 3129 322 3180 diureticis
340 3139 367 3180 et
383 3131 496 3183 cervinis
514 3131 614 3183 utiliter
630 3129 742 3183 additur.

107 3219 207 3270 Oleum¹
225 3216 375 3270 lavendalius
400 3217 541 3272 antimum
568 3235 643 3283 aare,
670 3216 756 3272 colore
781 3218 849 3270 laete
874 3215 978 3269 flavito.

83 3307 133 3357 Vis
152 3307 269 3358 nerviua.
290 3306 368 3356 Doris
387 3315 454 3372 gott.
472 3305 498 3373 jj.

110 3396 203 3446 Oleum
221 3393 335 3446 mentitae
360 3397 461 3464 crispae
486 3394 626 3446 aethrem
652 3394 746 3463 pallide
773 3393 868 3446 ssavum
885 3394 979 3448 sensim

80 3481 207 3550 profunde
224 3481 343 3536 rubrum.
364 3483 389 3532 V
390 3483 413 3536 ia
430 3482 605 3538 carmmatira.
626 3483 707 3536 Doris
724 3490 789 3551 gott
808 3481 886 3551 jij.
