2336 4144
406 280 579 343 truncans
854 257 944 356 Δ259

186 395 320 458 Mucialis
350 392 541 470 ammoniae,
577 394 731 474 utriusque
769 391 947 456 drachmam

191 517 193 524 ·
228 515 340 573 mam,
446 561 449 566 ,

184 597 291 678 Aquae
311 593 474 678 deputatae
495 591 588 652 libras
606 592 692 654 duas.-

92 715 188 779 Solve.

79 875 134 930 llot.
153 874 212 941 546.
240 875 315 945 Aqua
339 873 527 943 phagedaenica
545 873 607 926 olim
626 873 718 925 usitata
736 874 891 926 miscebatur
910 893 944 928 ex.

57 963 165 1014 mercurii
186 962 317 1017 sublimat.
344 963 466 1015 corrosivi
491 961 529 1012 dr.
548 963 557 1026 i
575 977 634 1012 eum
660 978 742 1032 aquae
767 962 842 1014 calcis
869 963 942 1016 vivae

55 1047 105 1100 libr.
121 1051 129 1114 j
147 1059 173 1102 et
197 1051 281 1118 spirit.
308 1049 362 1101 vini
388 1065 442 1100 non
466 1048 600 1100 rectificat.
629 1065 687 1100 unc.
709 1047 752 1114 jV.
781 1049 854 1116 Quae
881 1065 944 1099 cum-

56 1143 131 1189 sutem
147 1139 217 1190 calce
235 1137 294 1190 viva
311 1137 549 1207 praecipitationem
575 1135 634 1186 salis
659 1137 817 1186 mercurialis
842 1137 942 1205 perpeti

56 1221 152 1290 debeat,
177 1225 258 1278 hodie
274 1225 314 1277 his
337 1225 481 1296 liquoribus
492 1221 556 1292 ‘jure'
571 1224 743 1292 postponitur.
771 1224 867 1275 Marias
886 1241 941 1276 am·

54 1319 142 1370 noniac
159 1319 282 1384 additur,
300 1317 346 1372 ubi
362 1319 441 1383 licet,
458 1327 490 1369 ut
505 1317 639 1368 dissolutio
656 1315 772 1368 morietis
785 1315 944 1384 hydrargyri

56 1409 202 1458 constantior
218 1407 275 1458 flat.
303 1405 352 1456 Vis
376 1404 567 1468 cathaeretica,
588 1404 617 1454 in
641 1404 731 1472 primis
756 1403 784 1453 in
809 1403 938 1456 ulceribus

55 1494 180 1562 venereis,
196 1503 224 1546 et
242 1491 335 1546 scabie.
352 1491 506 1544 Tenendum
524 1499 627 1554 autem,
645 1491 800 1544 solutionem
818 1490 936 1542 morietis

52 1575 188 1648 hydrargyri
201 1588 396 1632 coneentratam
410 1587 517 1631 caterae
530 1577 676 1643 audaciter,
691 1587 717 1629 et
731 1579 774 1629 diu
790 1579 935 1651 impositam

56 1668 218 1720 callistionem
232 1668 369 1738 aliquoties
382 1666 539 1736 produxisse.
554 1670 644 1718 Petrus
660 1665 779 1728 Andreas
795 1667 940 1719 Matltiolus

60 1754 230 1820 (aplrrodisiac.
250 1774 276 1825 p.
296 1755 363 1822 257)
386 1753 541 1806 dissolvebat
558 1755 645 1804 uncias
670 1753 742 1803 binas
768 1772 878 1804 mercar.
897 1773 944 1803 su·
985 1802 989 1817 ,

55 1835 138 1893 blimal.
157 1841 282 1897 corroslv.
309 1842 336 1892 in
360 1858 404 1891 sen
427 1841 529 1892 circiter
552 1858 677 1910 aquarum
700 1839 883 1891 stillatitiarum
908 1841 941 1889 li-

57 1921 113 1993 bris,
140 1929 243 2000 haeque
270 1923 397 1980 solutione
422 1927 520 1996 egelida
549 1944 638 1981 ornnes
665 1929 779 1998 corporis
805 1945 938 1996 compages

57 2011 161 2083 lavabat,
186 2017 353 2087 brachiaque¹
369 2035 428 2068 cum
445 2017 515 2068 tibiis
540 2033 554 2068 a
579 2034 644 2084 genu
669 2025 697 2069 et
714 2015 824 2078 cubito,
857 2016 949 2068 donec.

57 2117 131 2154 annes
147 2105 252 2158 dolores
269 2121 328 2156 eum
346 2106 438 2156 ceteris
455 2104 668 2172 symptomatibus
686 2113 875 2156 evanescerent.
893 2103 961 2154 lle·v

57 2188 150 2243 cedebat
167 2210 230 2244 vero
247 2191 372 2242 salivatio.
399 2191 476 2244 Latio
500 2209 532 2241 esc
554 2191 660 2242 muriat-
678 2189 839 2258 hydrargyr.
858 2191 942 2258 Hoff-

58 2279 137 2328 manni
155 2279 309 2350 Mogunlti'ni
327 2280 355 2330 in
372 2279 474 2341 scabie,
501 2278 530 2329 ll.
549 2278 651 2327 muriat.
670 2275 943 2352 hydrargyr.gr.XX‚

57 2376 105 2428 aqu.
123 2383 251 2416 commun.
272 2365 336 2418 dest.
355 2383 414 2416 une.
433 2365 494 2432 ijj.
522 2364 692 2433 Gargarisma
717 2383 749 2414 ex
767 2365 877 2440 pruriente
895 2363 943 2426 hy·

56 2445 170 2520 drargyr.
187 2452 349 2516 Swedr'uuri,
376 2453 404 2502 R.
424 2451 522 2502 decoet.
545 2449 617 2501 bord.
642 2450 700 2502 libr.
721 2453 746 2518 j,
774 2454 877 2500 mnriat.
897 2449 944 2516 hy—

59 2533 160 2605 drargyr.
179 2560 216 2607 gr.
236 2539 286 2606 Vi,
305 2539 374 2591 mell.
399 2546 476 2590 roam.
496 2539 640 2604 une.1”1.ln
658 2537 786 2588 ulceribus
804 2537 884 2605 palati
902 2555 945 2603 sy-

58 2621 166 2686 philiticis
183 2627 305 2680 laudatur
323 2627 355 2678 ab
373 2635 471 2678 autore.
499 2629 577 2694 Aqua
601 2623 760 2692 opthalmicus
783 2643 816 2675 ex
834 2625 944 2674 murier.

58 2705 170 2783 lutrarg.
181 2701 325 2778 Camurii,
345 2713 373 2762 ll.
393 2713 494 2762 muriat.
513 2710 663 2778 hydrargyr.
682 2727 718 2777 gr.
735 2713 744 2776 j
763 2710 825 2761 solv.
840 2710 869 2760 in
883 2725 943 2776 squ.

58 2810 128 2850 mm·
145 2819 203 2854 urie.
223 2801 255 2866 Vj
274 2801 341 2852 adm.
360 2800 421 2853 Vin.
440 2799 501 2868 Opii
518 2799 649 2864 aromatici
668 2798 706 2850 dr.
726 2797 754 2868 β.
773 2797 942 2850 Praedicator

59 2881 81 2932 ia
97 2887 239 2956 opthalmiis
256 2888 383 2942 chronicis
400 2896 428 2948 et
444 2887 546 2956 pruritu
564 2886 757 2956 palpebrarum.
