2336 4144
247 260 317 332 218
369 282 463 340 ruta
472 281 606 334 vostr
624 289 689 336 seu
707 285 829 382 luant
847 290 891 336 er
916 289 1014 354 tout

234 418 273 460 ne
295 397 404 475 flores,
417 362 633 466 volatilissimo
651 375 795 489 principio
815 407 944 468 donatos
961 452 970 487 ,
1002 409 1125 468 bacta-

235 504 316 564 tione
339 517 467 581 tra'ctes3
502 505 534 567 hi
556 507 635 596 enim
661 508 778 571 contusi
800 507 883 570 omni
904 509 1069 592 [ragrantia
1088 532 1129 571 or·

232 601 352 668 bantur.
400 659 401 662 ,
434 635 436 638 ·
659 670 667 679 q
1160 619 1161 622 ’

272 704 305 762 ln
338 703 511 767 universum
530 707 691 778 maceratio
712 687 818 794 viginti
839 721 971 792 quatuor
991 711 1132 776 horarum

233 803 666 869 commendanda..
1160 805 1161 828 ’

272 905 300 969 3.
323 907 431 968 Vesica
451 929 581 994 cupr,ea
614 909 653 970 ad
683 909 909 971 destinationem
942 910 1131 983 adhibenda,

233 1010 309 1067 intus
330 1009 436 1089 probe
446 1019 551 1068 stanno
569 1009 609 1070 sit
630 1011 781 1089 obducta,
811 1027 843 1071 et
871 1011 1043 1074 alembicus
1065 1034 1132 1074 sem·

230 1129 283 1189 per
304 1131 341 1181 ex
362 1121 468 1171 stanno
489 1131 564 1191 puro
585 1114 621 1196 sit
643 1112 815 1191 confectus,
845 1134 881 1171 ne
911 1111 974 1196 ulla
994 1113 1132 1185 ratione,

151 1272 153 1278 ,
229 1231 308 1290 quac
337 1197 509 1270 continetur
539 1233 634 1293 aqua,
669 1227 794 1294 propter
817 1210 959 1273 indolem
994 1216 1131 1288 acidam,
1160 1283 1161 1292 ἵ

229 1314 356 1422 quaein
377 1311 476 1374 multis
499 1290 653 1374 manifesta
683 1329 745 1388 est,
776 1313 870 1396 possit
900 1335 1020 1376 veneno
1053 1309 1161 1398 cupri

228 1411 385 1494 inquinari.

267 1516 296 1590 4.
320 1515 427 1576 Vesica
447 1533 507 1574 non
529 1513 606 1576 ultra
627 1515 702 1575 duas
723 1516 824 1576 tertias
846 1525 944 1597 partes
957 1517 1131 1600 repleatur,

190 1651 194 1656 =
227 1635 265 1674 ne
286 1614 413 1674 durante
435 1613 607 1676 ebullitione
629 1619 751 1676 materia
771 1617 943 1692 attollatur,
977 1619 1010 1676 in
1044 1619 1132 1678 alem·

226 1713 329 1774 bicum
349 1714 482 1775 elevetur
502 1727 533 1776 et
553 1713 595 1776 ita
616 1713 820 1798 operationem
842 1716 954 1776 turbet.

265 1814 296 1876 5.
318 1817 420 1896 Aquae
441 1826 556 1875 tanturn
578 1814 670 1875 debet
688 1813 779 1894 addi,
804 1825 856 1896 ut,
877 1826 1046 1897 postquam
1062 1838 1161 1899 pro

227 1915 309 1977 licita
330 1915 399 1976 inde
419 1911 519 1974 luerit
524 1913 629 1974 debita
651 1914 821 1996 quantitas,
854 1915 1035 1977 sufficiens'
1028 1937 1060 1976 m
1082 1938 1127 1977 re-

225 2020 285 2078 sica
306 2005 487 2098 relinquatur
508 2016 595 2097 copia
610 2017 648 2076 ad
662 2017 900 2100 praecavendum
916 2029 1161 2097 empyreuma
1160 2089 1161 2098 χ

264 2117 293 2180 6.
316 2117 416 2204 ignis,
450 2116 473 2176 si
503 2117 602 2177 debita
628 2138 798 2199 praegressa
827 2116 914 2176 fuerit
935 2117 1121 2189 maceratio,
1160 2099 1161 2112 ³

226 2217 265 2278 ad
285 2218 384 2279 lenem
406 2215 608 2278 ebullitionem
630 2219 782 2300 augendus
794 2246 811 2298 ,·
838 2218 981 2278 utriculi
1004 2217 1039 2278 in
1061 2239 1121 2279 nto·

224 2319 298 2378 dum
318 2318 426 2400 liquor'
444 2317 476 2379 in
500 2318 670 2401 excipulum
699 2301 837 2394 defluat,
868 2328 900 2378 et
930 2320 1121 2390 curandum,
1160 2383 1161 2386 Ἴ

222 2438 262 2477 ne
281 2415 312 2476 in
333 2416 415 2478 dolio
436 2413 656 2500 refii'gera'torio
677 2439 754 2500 aqua
777 2417 864 2478 nimis
885 2418 1071 2498 incalescat,
1093 2430 1123 2477 ut
1160 2411 1161 2416 ¹

223 2515 433 2601 omnis'vapor
453 2519 673 2598 condensetur,
707 2535 865 2602 antequam
891 2517 922 2578 in
950 2521 1123 2602 excipulum

223 2617 386 2702 perveniat.
440 2675 447 2682 .

262 2741 292 2798 7.
314 2721 373 2780 Pro
395 2719 451 2783 illis
472 2703 666 2804 corporibus,
687 2741 816 2802 quorum
837 2719 937 2780 oleum
952 2731 998 2780 est
1013 2719 1119 2779 admo·
1160 2703 1161 2754 l

222 2821 294 2893 dum
315 2821 539 2904 ponderosum,
571 2835 631 2881 tam
653 2843 708 2903 pro
730 2819 812 2900 olei,
834 2841 923 2902 quam
944 2841 1000 2902 pro
1025 2839 1121 2902 aquae

222 2905 421 2985 destillatione
450 2917 546 2982 vesica
570 2921 710 2983 humilior
731 2933 760 2980 et
781 2919 901 3000 minor,
933 2940 1026 3001 quam
1056 2919 1121 2979 vul·

221 3021 315 3106 garis,
337 3033 383 3083 est
403 3021 563 3096 sumenda,
594 3035 646 3082 aut
663 3019 694 3081 in
718 3032 831 3082 retorta
854 3019 970 3099 vitrea,
1005 3019 1119 3080 adnexo

222 3120 385 3205 excipulo,
420 3120 556 3204 operatio
577 3119 835 3184 estsinstituenda.
867 3119 953 3200 Illud„
975 3119 1058 3182 valet
1082 3118 1118 3176 de

220 3227 444 3298 L'auroceraso,
475 3226 565 3284 etiam
588 3223 625 3284 de
648 3219 857 3281 Cinnamomn.
877 3221 1039 3280 Praeterea
1059 3219 1114 3278 hoe
1160 3225 1161 3228 ’

146 3321 148 3330 ’
221 3328 300 3390 valet
314 3325 352 3388 de
369 3321 542 3394 substantiis
563 3321 724 3384 admodum
739 3319 915 3403 praetiosis,
936 3340 1016 3403 quae
1037 3339 1101 3380 raro

93 3461 97 3474 ·
143 3505 147 3512 Ι
222 3428 277 3490 nisi
308 3449 396 3510 parca
425 3423 609 3508 quantitate,
636 3423 707 3484 huic
738 3443 794 3504 ope
823 3421 928 3481 rationi
954 3419 1114 3502 subjiciun-

220 3543 278 3590 tur.
293 3527 397 3594 Vitrea
411 3525 500 3590 etiam
511 3543 580 3587 vasa
594 3544 650 3609 pro
664 3523 836 3606 corporibus
857 3519 950 3583 acidis
972 3518 1108 3604 eligenda.
