2348 4146
247 249 294 341 14
407 275 577 324 corrosus
603 279 806 328 coususrus.
833 279 980 328 oxrouu
1051 308 1057 314 -

235 388 377 454 magnesiae
396 397 445 440 etc.
465 389 534 440 Libr.
550 393 578 457 iij
598 393 684 444 civiles
703 409 784 464 aquae
801 396 915 448 marinae
932 393 1050 457 (Halai.
1071 394 1097 446 J.
1116 413 1131 444 a

236 490 263 542 p.
281 473 315 527 H.
334 476 420 528 XIII.
440 474 477 542 4)
496 478 640 530 continent.

817 602 849 636 ex
873 602 945 636 mare
1002 601 1033 636 es
1054 601 1128 636 mare

805 677 952 740 germanico
1007 671 1114 723 baltico

263 759 495 812 muriatissodae,
531 799 538 812 .
571 797 582 832 ⁴.
615 795 625 813 .
659 796 667 812 .
701 797 710 812 .
746 797 754 814 .
788 762 847 836 5η
913 779 950 828 gr.
1004 760 1055 811 263
1076 778 1115 828 gr.

262 847 378 899 muriatis
396 849 538 916 magnesiae
576 885 757 902 .....
796 850 841 916 ¹93
911 876 944 888 ·-
1010 865 1057 899 ιιι
1080 871 1118 890 ·-

247 919 373 1003 'sulphat
391 936 468 994 sodae
486 945 511 987 et
530 951 633 1002 magnes
660 969 669 986 .
704 970 713 987 .
748 970 757 988 .
826 935 841 985 ³
912 960 945 975 -·
1028 949 1059 986 ra
1077 959 1119 978 ·-

260 1021 382 1091 principii
400 1031 508 1076 extract.
533 1061 540 1074 .
575 1059 584 1100 .·
621 1060 628 1074 .
664 1059 671 1075 .
706 1058 714 1074 .
750 1060 757 1076 .
827 1040 835 1072 r
860 1039 944 1075 ¹2-
1047 1039 1119 1094 ¹¹'‘.'

680 1147 778 1198 Surum.
799 1145 847 1214 724
858 1146 891 1214 ss.
907 1164 950 1212 .gr.
1005 1146 1053 1214 387
1073 1163 1117 1214 gr.

144 1269 146 1272 ’
234 1269 307 1322 Inter
325 1288 416 1340 aquas,
435 1289 502 1342 quae
517 1273 724 1342 frequentissime
738 1273 770 1323 in
788 1291 862 1323 usum
880 1272 1004 1336 veniunt,
1030 1273 1144 1341 purissi-

233 1374 290 1410 mae
307 1368 368 1410 sunt
385 1359 506 1428 pluvialis
524 1370 550 1412 et
567 1361 666 1412 nivalis.
686 1359 752 1412 Sunt
770 1369 857 1412 autem
875 1361 943 1411 iuter
961 1369 1054 1428 sponte
1078 1379 1143 1412 scn-

232 1445 358 1496 turientes
376 1447 478 1515 piures,
496 1465 562 1517 quae
579 1447 713 1499 abundant
729 1466 792 1517 prae
808 1449 866 1499 aliis
888 1449 963 1502 acido
978 1447 1142 1515 corboniso,

236 1550 285 1584 nec
309 1553 418 1602 paucae,
447 1553 513 1601 quae
539 1554 596 1603 gase
626 1536 727 1587 diversa
751 1535 850 1588 vehunt
880 1545 906 1586 et
936 1536 998 1585 salia
1023 1538 1143 1589 metalli·

236 1639 329 1691 casque
347 1624 501 1692 particulas,
522 1634 550 1676 et
566 1643 648 1693 aquae
665 1625 774 1676 soteriae
791 1626 844 1675 sive
861 1625 994 1675 minerales
1011 1623 1145 1677 dicuntur

232 1717 359 1778 quatenus
377 1711 456 1777 aegris
475 1712 549 1762 utiles
563 1721 637 1776 sunt,
652 1720 697 1762 aut
709 1713 847 1780 particulas
861 1712 995 1761 minerales
1008 1711 1067 1778 plus
1083 1715 1140 1764 mi-

237 1811 319 1848 nusve
337 1799 486 1863 continent,
502 1815 519 1850 e
537 1800 641 1850 mineris
659 1799 707 1850 sub
724 1809 808 1851 terrae
826 1801 883 1849 sinu
901 1799 1042 1850 latentibus
1065 1817 1147 1853 arro·

235 1892 300 1956 pias.
319 1884 379 1936 Vid.
399 1884 509 1936 indicem
529 1904 654 1956 aquarum
678 1886 840 1938 minerafium
866 1875 976 1937 maixime
995 1887 1144 1942 usualium.

239 1973 330 2042 Aquae
347 1975 456 2026 soleriae
474 1975 556 2026 calide
573 1975 748 2044 prosilientes,
767 1983 846 2044 atque
865 1964 974 2028 thermae
991 1973 1075 2026 dietae
1103 1977 1150 2028 ln·

242 2059 327 2110 vando
344 2062 495 2128 praesertim
514 2061 665 2113 inserviunt.
683 2047 805 2112 Gaudent
823 2060 893 2111 vario
912 2061 1003 2111 caloris
1020 2059 1118 2127 gradu.

263 2166 390 2219 Thermae
408 2170 618 2238 aquisgranenses
636 2170 664 2220 in
679 2169 753 2220 {onte
770 2169 895 2238 imperiali

296 2254 432 2321 adtingunt
510 2293 517 2310 .
586 2295 594 2309 .
664 2292 672 2308 .
742 2294 749 2307 .
814 2265 829 2309 ’.

263 2337 311 2390 Th.
331 2340 414 2391 Badae
436 2378 443 2392 .
512 2380 519 2393 .
590 2377 598 2394 .
666 2378 673 2393 .
741 2378 750 2393 .
817 2379 827 2392 ,

273 2413 306 2466 '...
324 2425 457 2480 Carolinae
509 2466 516 2480 .
586 2464 595 2482 .
663 2464 672 2480 .
740 2465 747 2478 .

275 2541 310 2556 -
326 2515 461 2583 Piperinae
513 2553 521 2567 .
590 2552 598 2567 .
667 2553 674 2568 .
744 2551 751 2568 .
818 2553 828 2577 ρ

275 2626 308 2638 -
325 2601 490 2669 Tiipliernses
508 2637 515 2652 .
586 2637 592 2653 .
663 2640 670 2652 .
741 2639 747 2652 .
818 2637 826 2653 .

274 2715 309 2732 ·-
325 2688 576 2741 Warrnbrunnenses
593 2690 621 2741 in
638 2689 726 2744 silesia
741 2727 747 2742 .
817 2727 825 2742 .

275 2804 307 2816 -·
326 2778 413 2844 Aquae
431 2777 490 2826 solis
511 2776 613 2840 (Beth)
664 2813 672 2827 .
741 2815 748 2826 .
819 2810 827 2827 .

273 2889 308 2908 -.
324 2863 494 2930 Baredgenses
587 2901 595 2915 .
663 2899 671 2914 .

273 2975 308 2992 ···
326 2947 431 3000 Pisanae
509 2985 518 3003 .
586 2984 594 3001 .
663 2985 672 3002 .
742 2988 748 3001 .
820 2985 827 3002 .

229 3067 304 3118 ’Fece
321 3067 472 3128 recentioris
489 3065 603 3118 ehemiae
616 3066 736 3118 illustrati
751 3067 842 3118 medici
862 3085 950 3120 omues
967 3084 1035 3136 pene
1054 3085 1152 3140 aquas

236 3161 263 3205 et
279 3151 391 3203 thermas
409 3153 513 3203 soterice
531 3161 586 3204 orte
608 3153 703 3203 imitari
722 3154 809 3204 eonati
835 3161 904 3204 suat.
930 3153 989 3205 Vid.
1012 3163 1080 3222 sect.
1102 3159 1151 3212 ss,

236 3237 403 3292 additament.
422 3238 551 3292 Centenae
568 3257 650 3308 aquae
667 3239 805 3309 depuratos
826 3250 912 3309 partes
938 3253 1151 3309 componuntur

234 3342 266 3378 ex
283 3327 401 3394 exygenii
418 3345 444 3397 p.
463 3329 495 3380 85
517 3336 544 3380 et
566 3325 716 3394 hydrogenii
736 3346 761 3396 p.
783 3327 820 3378 15.
848 3327 912 3378 ‘lam
935 3327 1028 3378 medici
1054 3347 1151 3400 quam

235 3413 432 3482 pharmaceutae
449 3411 569 3480 interest,
588 3423 618 3466 ut
634 3413 768 3482 purissima
786 3416 835 3480 sit,
853 3433 886 3466 ne
904 3415 938 3466 ob
952 3415 1086 3469 diversam
1103 3423 1153 3474 sf-

235 3501 363 3556 fluitatem
384 3503 571 3572 particularum
597 3499 796 3556 adventitiorum
822 3503 964 3555 olreruicam
987 3504 1154 3562 solutiones
