2338 4144
79 297 231 346 sonus.
261 295 307 342 nn
333 295 457 343 vesca.
480 291 602 356 nouos.
630 289 815 342 racemata.
874 267 938 368 157

9 413 150 482 principio
179 410 387 477 adstringente,
413 409 488 480 quod
507 427 559 461 nnn
584 427 642 462 raro
664 409 778 474 accidit,
806 407 936 479 praeditae

12 512 81 553 sunt.
109 503 229 553 Mirum
255 497 335 566 sane,
363 499 433 552 nulla
458 509 575 552 extracta
601 500 820 568 gummi-resinosa
847 501 937 567 spiritu

16 593 112 642 sinist
133 609 219 660 aqua
241 589 331 654 lacta,
357 597 384 639 et
408 589 435 639 in
460 590 532 658 praxi
556 587 722 658 comprobata
744 587 770 638 in
789 587 938 655 pharmaco·

12 697 104 746 ponam
125 680 274 729 Batavam
294 684 396 744 recepta
413 694 474 726 esse.
492 675 637 726 Videantur
660 684 774 726 extracta
795 675 937 740 angelicae,

9 767 136 832 amicae,
165 764 275 816 calami
294 773 399 814 aromat.
419 763 565 830 colocyntlt.
584 761 720 827 columbo,
748 771 812 814 cort.
830 771 936 825 aurant,

9 854 122 922 enulae,
144 852 296 906 hellebori
322 853 401 920 nigri,
428 853 550 918 levistici,
578 853 759 922 pimpinellae,
787 870 892 920 seur-gae
911 861 938 902 et.

8 944 167 994 valerianae
192 941 250 992 Ph.
271 941 330 990 Bor.
349 939 524 991 concidantur
541 940 600 991 libr.
618 944 635 1006 jj
660 939 774 991 radicum
798 949 875 1010 atque
901 941 938 991 al·

9 1031 64 1081 fud.
84 1031 181 1098 spirit.
205 1027 269 1079 vini
291 1026 426 1076 testificati
449 1027 505 1077 libr.
525 1029 550 1093 jji
577 1045 658 1095 aquae
676 1044 796 1078 commun
820 1027 877 1079 libr.
897 1029 936 1094 jx.

10 1117 187 1184 Digrrantur
210 1116 243 1165 in
260 1111 356 1165 balneo
374 1131 455 1182 aquae
473 1123 499 1166 et
517 1116 701 1184 exprimantur.
735 1113 856 1165 Eliciatur
879 1114 937 1164 dein

10 1223 41 1255 err
60 1206 179 1274 liquore
213 1199 306 1250 colato
331 1199 502 1252 destillatione
527 1201 555 1250 in
581 1201 674 1252 balneo
702 1217 784 1270 aquae
808 1202 937 1270 spiritus,

12 1301 91 1362 atque
111 1289 269 1342 residuum
288 1296 449 1356 evaporetur.
466 1287 507 1348 *ln
526 1289 609 1357 parvis
627 1287 789 1358 portionibus
807 1297 937 1340 extracto-

12 1399 69 1430 rum
90 1375 401 1446 gummi-resinarurum
419 1377 555 1446 parandis,
574 1397 633 1444 vasa
651 1381 731 1430 vitrea
746 1395 804 1428 curn
818 1379 938 1446 excipulo

12 1466 42 1516 ad
60 1467 160 1518 Jurhii
186 1463 345 1530 exemplum
372 1462 487 1514 adhiberi
517 1475 629 1532 possunt.
655 1466 765 1536 Spiritus
790 1483 847 1516 cum
873 1443 945 1534 ιιψιιι

10 1557 111 1605 aristus
143 1551 184 1603 ad
221 1568 261 1616 gr.
282 1551 312 1617 75
338 1549 388 1601 Th.
416 1551 444 1602 ll.
464 1553 555 1602 transit
581 1561 607 1602 ct
632 1554 689 1604 locu
717 1555 886 1604 tincturarum
906 1570 938 1604 ex

10 1643 110 1711 plantis
127 1657 194 1692 esse
213 1645 320 1706 potest,
338 1637 434 1688 affatim
452 1637 567 1707 partibus
580 1637 727 1692 volatilibus
741 1641 936 1712 impraegnatus.

13 1731 125 1781 ltrctius
159 1727 262 1779 adhuc
286 1725 370 1791 judico
397 1743 450 1777 esse
475 1737 640 1796 pracceptum
666 1727 742 1795 hujus
766 1731 878 1794 autoris,
906 1747 938 1780 err

15 1827 136 1870 extracto
170 1831 282 1883 aquoso
307 1813 391 1872 oleum
409 1815 558 1866 aethereum
576 1816 603 1866 in
627 1826 749 1886 apparatu
768 1817 937 1869 destillatorio

12 1923 144 1972 evocare,
163 1899 281 1954 residuo
292 1902 410 1969 spiritum
424 1904 476 1954 viui
491 1903 635 1966 infundere,
646 1913 784 1976 utrumque
793 1914 937 1956 extractum

8 2011 168 2063 evaporare
202 1997 286 2058 atque
309 1989 410 2040 demum
437 2009 495 2042 cum
519 1993 576 2044 oleo
602 1993 721 2046 aethereo
746 1995 815 2064 prius
841 1993 936 2044 educto

13 2085 215 2135 commiscere.
243 2077 329 2130 inlusa
353 2080 503 2132 semivinosa
522 2091 625 2150 autem,
652 2083 697 2134 illo
715 2083 852 2148 suadente,
879 2085 937 2134 loco

10 2176 217 2218 extr-actorum
233 2163 511 2228 gummi-resinosorum
527 2167 684 2228 (solutiones
696 2169 937 2238 gummi-resinosa-

12 2255 148 2316 olrosae)
180 2251 214 2300 in
233 2247 343 2300 officinis
359 2259 447 2318 parata
464 2260 569 2317 tenere,
597 2253 630 2304 ob
648 2255 771 2320 celerem,
799 2274 875 2324 qnam
894 2275 937 2307 su·

10 2343 120 2406 beant,
142 2335 347 2404 corruptelam,
363 2355 414 2387 non
429 2339 611 2408 concederem,
631 2342 677 2394 etsi
691 2359 780 2394 eorum
794 2343 934 2396 efficaciam

14 2445 61 2496 prr
80 2446 115 2479 se
137 2425 296 2476 detrectare
315 2421 419 2474 nollem.

39 2515 72 2567 ln
95 2522 237 2564 extracto
255 2510 383 2561 absinthii
399 2512 451 2562 sola
468 2515 596 2565 amantiss
611 2525 743 2585 superest,
761 2535 810 2570 nec
823 2519 934 2573 multum
986 2558 988 2562 .

12 2603 159 2672 discrepat
176 2597 214 2648 ab
232 2605 349 2649 extracto
367 2602 499 2652 centaurei
517 2603 631 2654 minoris.

39 2692 200 2742 Exeruere
217 2683 382 2736 chamaemelr'
398 2703 429 2738 ex
448 2695 503 2740 tota
520 2690 623 2759 planta,
641 2690 726 2743 radice
739 2710 792 2744 non
809 2704 932 2763 excepta,

11 2785 134 2844 parato,
156 2769 267 2841 quidam
286 2771 418 2838 plasticam
437 2774 559 2826 virtutem
572 2776 709 2843 tribuunt,
728 2780 760 2830 sit
774 2778 875 2832 interne
888 2790 935 2833 aut

13 2871 138 2914 externe
159 2856 318 2908 adhibitum.
337 2859 439 2911 Dantur
457 2863 572 2932 quotidie
590 2863 670 2916 cochl.
690 2865 798 2934 Vj·ijj
817 2886 849 2920 ex
862 2869 932 2922 solu-

9 2953 90 3002 tione
113 2947 160 2999 dr.
181 2947 209 3014 jjj
228 2943 306 3012 hujus
324 2950 432 2999 extracti
451 2950 477 3000 in
495 2968 553 3020 aqu.
568 2951 623 3003 flor.
638 2952 803 3006 clrarnaemeli
818 2974 875 3008 unc.
891 2957 931 3026 Vj.

11 3037 145 3090 Externe
165 3033 331 3102 applicantur
350 3036 458 3088 linteum
480 3048 599 3108 carptum
624 3050 651 3093 et
675 3043 772 3114 splenia
797 3045 844 3098 hac
861 3047 931 3097 solu.

12 3127 93 3178 tione
115 3119 236 3175 madida.

42 3215 223 3266 Exn-actum
241 3208 402 3263 cochlearius
419 3212 545 3284 principio
564 3217 615 3267 acri
628 3217 758 3286 privatum
772 3219 929 3289 superfluum

13 3307 161 3352 caretur.

109 3600 238 3666 Passa.
259 3602 406 3688 Brrrvr,
432 3605 520 3671 Tom.
542 3608 590 3673 II.
771 3618 807 3696 ¹4
