2336 4144
310 293 475 388 sueonos
500 333 676 386 sar-ueros
869 311 942 413 237

49 454 99 522 nio,
116 451 294 526 hydrogenio,
313 453 445 507 carbonio.
463 451 736 524 hether'solphurieus
749 467 802 506 non
814 451 897 506 solum
910 461 943 507 ot

45 531 305 613 praestantissimum
318 541 464 596 remedium
489 541 617 596 aestimari
634 534 730 608 debet,
754 539 800 594 sed
816 541 895 597 etiem
913 549 944 599 tlt

45 641 204 686 menstruum
222 631 342 684 eximium
360 630 524 684 considerari.
541 630 663 685 Solvite.
682 648 705 698 g.
724 628 854 696 ambram,
872 645 945 683 osm-

47 719 160 790 phorum,
177 717 263 772 Caout
280 717 377 786 chouc,
390 717 490 770 aeidum
505 711 667 771 boroisicum
681 725 731 773 etc.
745 715 850 770 Pondus
863 717 946 789 speci*

45 806 118 858 ficum
135 803 209 859 seth.
227 806 367 876 sulphuris.
384 815 421 859 est
437 805 622 878 o,748-o,7323
641 805 721 860 odore
737 805 864 873 reficieati
881 804 944 859 lorti

45 893 184 948 instructos
199 903 226 948 et
239 912 338 965 sapore,
354 895 399 964 qui
412 895 525 966 primum
531 891 632 962 frigoris
644 913 744 948 sensum
758 896 786 948 in
799 894 887 964 lingua
900 911 945 949 ex·

45 984 104 1036 citat
123 984 187 1038 dein
201 993 339 1056 penetrans
357 983 387 1036 fit
400 993 427 1036 et
439 983 539 1037 ardens.
560 981 609 1035 Vis
621 983 745 1050 nervine,
763 981 944 1054 antispastios,

47 1079 70 1123 et
84 1073 291 1125 anthelmintica.
309 1072 369 1124 Coti
385 1071 504 1124 admotus
522 1087 625 1143 sensum¹
641 1070 740 1139 frigoris
757 1069 847 1124 aether
857 1070 946 1140 progi-

45 1159 112 1224 gnit,
132 1167 214 1230 atque
232 1159 385 1210 continuato
403 1158 483 1211 nimio
501 1175 548 1209 usu
566 1157 645 1212 bilem
664 1156 818 1226 degenerare
832 1156 944 1210 videtur.

47 1243 244 1298 observabatur
256 1245 341 1296 saltim
354 1243 440 1296 colore
453 1261 556 1297 rosaceo
564 1243 679 1296 tinctuin
688 1243 811 1296 cadavere
819 1244 946 1314 Bucqueri

45 1331 147 1384 chemici
167 1333 317 1399 clarissimi,
337 1332 399 1402 qui,
426 1330 487 1384 dum
504 1330 625 1398 vivebat,
648 1323 815 1383 immoderate
840 1329 951 1385 aethere.

48 1435 99 1470 usus
114 1419 205 1474 luerat
218 1419 398 1490 (Tourtelle).
420 1421 507 1472 Usus:
518 1419 546 1470 iu
559 1419 674 1471 febribus
686 1421 810 1484 nervosis,
824 1417 943 1488 spasmis,

46 1505 214 1576 lipothymia,
233 1505 409 1575 similibusque
422 1504 563 1558 aflectibus
579 1503 688 1573 Singulis
701 1505 730 1557 in
743 1504 841 1556 casibus
855 1504 945 1556 turbas

45 1609 180 1646 nervorum
202 1580 376 1661 ¹augmentare
393 1593 461 1647 visus
479 1601 518 1645 est
542 1593 690 1656 (Alibert).
715 1593 812 1647 Contra
828 1593 941 1649 taeniam

41 1677 95 1732 dats
112 1691 152 1734 est
166 1673 297 1734 matutino
315 1689 431 1750 ternpore
449 1679 569 1732 drachma
587 1697 638 1731 una
657 1679 684 1732 in
702 1681 810 1734 decocto
827 1695 940 1734 concers·

44 1774 106 1821 trato
126 1769 223 1822 radicis
239 1767 316 1822 illicis
330 1769 414 1820 maris.
436 1767 506 1820 liora
526 1771 717 1842 praeterlapsis,
734 1768 941 1840 propinabantur

40 1856 126 1908 unciae
139 1857 208 1908 duae
222 1857 272 1909 olei
286 1857 360 1908 ricini
375 1871 434 1907 cum
452 1874 549 1927 syrupo
563 1857 683 1928 quodam.
704 1856 882 1926 Repetebatur
899 1873 940 1908 se·

44 1945 128 2008 quenti
147 1953 177 1997 et
194 1944 272 1996 tertia
285 1941 327 1994 die
344 1942 433 1996 eadem
449 1945 549 2015 ratione
567 1935 740 1996 remediorum
759 1957 834 2012 ususg
856 1943 942 1995 taenia

44 2027 155 2081 nondum
173 2029 324 2096 eliminata,
348 2037 426 2098 atque
444 2048 503 2082 cum
521 2039 638 2082 enemate
663 2047 695 2082 ex
720 2028 828 2082 decocto
848 2027 940 2080 radicis

45 2111 114 2166 filicis
131 2117 210 2170 maris
227 2115 337 2169 aetheris
360 2117 400 2171 dr.
416 2118 434 2184 ij
460 2117 535 2170 simul
557 2117 739 2185 injiciebantur
764 2115 942 2181 (Bourdisr).

48 2197 117 2254 Licet
133 2221 278 2273 quaerere,
303 2203 431 2255 andoses
454 2203 577 2270 aetheris,
602 2187 770 2258 non'luerint
785 2203 896 2268 nimiae,
915 2209 943 2254 ot

49 2299 79 2336 ³11
97 2289 188 2343 aether
205 2289 290 2343 lorsan
307 2288 386 2342 luerit
402 2288 511 2342 mitioris
528 2290 638 2344 indolis?
663 2290 811 2358 Confiteor,
835 2306 877 2344 me
893 2289 945 2345 hor

48 2389 139 2446 susque
156 2397 172 2430 a
190 2385 264 2436 ‚tauta
281 2377 339 2454 dosi¹
354 2377 463 2430 aetheris
480 2378 650 2446 abstinuisse,
668 2380 721 2432 'etsi
746 2379 797 2432 rim
824 2381 878 2448 ejus
894 2395 944 2432 so·

50 2458 235 2518 thelminticam
248 2465 352 2536 proprio
365 2467 522 2538 experientia
535 2483 671 2536 persuasus
683 2467 763 2519 nolim
777 2481 878 2535 negare,
894 2482 943 2518 neo

48 2544 155 2612 ignorem
171 2549 204 2608 ad
218 2548 384 2603 avertendum
399 2550 475 2602 lebria
489 2551 683 2604 intermittentis
697 2569 879 2621 paroxysmum
893 2567 943 2604 un·

49 2629 109 2684 ciam
123 2634 255 2687 dimidiam
269 2651 317 2706 pro
331 2653 382 2688 una
395 2635 449 2688 dosi
462 2633 547 2688 datam
561 2653 622 2688 esse.
632 2635 733 2690 Adhuc
747 2636 855 2702 accedit,
868 2635 939 2705 quod

52 2719 157 2774 minores
176 2731 204 2774 et
220 2724 345 2794 repetitas
363 2722 436 2776 doses
448 2731 529 2794 aeque
548 2711 624 2776 utiles¹
643 2721 677 2775 in
688 2721 840 2792 expellenda
856 2723 942 2774 taenia
981 2775 986 2784 ,

47 2819 95 2858 esse
111 2809 237 2865 videntur
254 2827 332 2880 quam
349 2813 469 2878 majorem
484 2810 591 2882 binetus
607 2826 641 2863 ex
664 2809 775 2870 aetheris
799 2807 942 2880 sulphuriei

53 2890 88 2946 dr·
100 2897 117 2962 ji
130 2906 158 2950 et
172 2897 222 2950 olei
235 2898 310 2950 ricini
322 2915 382 2950 unc,
389 2898 409 2965 j,
421 2897 457 2964 ¹de
469 2915 526 2968 quo
534 2897 740 2954 cochleeroulum
750 2914 829 2950 unum
841 2898 942 2967 saepius

53 2977 136 3038 mlum
153 2994 209 3052 cst,
227 2987 312 3038 taenia
328 2984 471 3054 fragments
482 2987 598 3056 propulit
616 2987 763 3052 (Alibert).
777 3011 811 3030 ι-
826 2981 942 3038 Externa

54 3067 145 3126 utiliter
163 3073 337 3128 instillabatur
355 3073 444 3126 aether
461 3074 623 3144 sulphurious
640 3075 744 3127 herniae
770 3075 943 3127 incameratae

51 3157 214 3226 (trimatu).
232 3161 268 3214 Ut
285 3163 427 3214 lomentum
445 3163 558 3228 lenimen
582 3162 609 3214 in
634 3163 725 3230 angina
747 3162 942 3216 membranacea

51 3246 166 3308 produxit
181 3247 297 3314 (Pinel).
317 3245 461 3320 Aliquoties
475 3249 603 3306 miseelam
618 3249 779 3320 expertibus
792 3249 942 3321 aequalibus

53 3332 152 3389 aetheris
172 3337 313 3408 sulphnrici
331 3347 359 3414 et
375 3338 502 3390 ammonia
519 3337 617 3408 liquida
634 3355 693 3391 cunr
711 3339 769 3390 oleo
787 3335 943 3408 eaqophyl-

52 3413 126 3474 lorum
141 3426 261 3479 aethereo
274 3425 392 3484 manibus
405 3425 534 3493 instillari,
547 3425 644 3496 hasque
657 3435 719 3478 suto
731 3426 818 3480 ooolos
832 3427 860 3479 in
873 3426 944 3478 visos

55 3500 203 3568 hebetudine
221 3515 348 3582 volatui,
366 3531 420 3568 non
436 3515 491 3578 sine
508 3513 610 3568 effectu
623 3515 708 3584 jussi..
