2338 4144
123 277 311 342 somnne
335 280 460 332 vnerr.
485 279 611 344 sonos
636 275 826 330 mmmm.
870 251 940 326 155

58 391 106 469 dis,
125 393 270 478 corruptis
292 395 457 473 etalienis‚
477 396 724 470 Μῶν,
744 397 776 456 in
791 393 938 458 norm

57 491 154 574 lapideo
173 497 223 557 vei
241 497 344 580 ligne,
368 497 479 582 p'ue'iin
499 501 598 580 ligneo
668 499 785 580 pitu
803 506 938 558 contm·

57 595 152 658 dantur.
174 599 238 659 Sub
260 600 439 662 contusione
459 613 577 660 unm
597 619 695 681 equae
715 596 841 680 fligidee
861 595 938 677 ιὴι-

51 694 140 776 cintnr,
159 711 309 781 qnantum
330 699 512 784 requiritur,
533 715 569 760 ut
582 719 681 763 masse
694 699 792 760 mollis
812 709 844 759 et
864 699 935 759 mb-

48 794 125 857 ssuida
145 798 191 860 sit.
215 801 283 860 Hac
303 801 446 875 succidis,
480 823 517 862 ex
546 800 642 861 linteo
669 799 738 860 forti
768 798 933 872 confectis,

46 895 172 972 immissa,
192 901 281 982 prelo
302 901 487 984 exprimatur
507 923 598 963 omne
617 901 681 982 ejus
700 899 844 982 fluidum,
867 920 937 960 vase

47 995 153 1084 figulino
173 1002 225 1062 vel
247 1002 345 1064 vitreo
367 1003 586 1086 excipiendum.

77 1102 103 1174 4.
122 1101 263 1184 liquor,
298 1109 360 1166 sive
387 1127 443 1188 per
469 1104 687 1177 decoctionem,
722 1104 785 1166 sire
807 1125 861 1186 per
881 1125 934 1164 ex·

45 1199 211 1278 pressionem
235 1203 332 1266 solam
354 1205 496 1266 collectus
517 1211 568 1278 sit,
588 1205 684 1288 quieti
705 1206 813 1284 detur,
833 1220 869 1266 ut
887 1227 935 1264 sc·

46 1297 192 1364 dimcntum
215 1321 373 1388 ponatur,
405 1305 475 1368 dein
504 1307 677 1368 effundetur
704 1317 781 1384 aut,
815 1308 839 1366 si
860 1325 935 1387 opus

44 1397 90 1477 tit,
108 1425 159 1484 per
178 1427 318 1488 pannum
338 1407 476 1481 coletur3
507 1409 587 1468 idem
606 1429 679 1469 vero
699 1406 747 1466 hic
767 1407 932 1468 observen-

46 1497 118 1577 dum,
137 1507 224 1586 quod
248 1511 311 1571 Art.
333 1511 355 1586 4
375 1509 413 1570 de
433 1507 575 1572 Decoctis
595 1511 775 1570 notavimus.

75 1600 100 1662 5.
118 1603 236 1686 Liquor
257 1606 300 1668 sic
320 1609 402 1670 faece
421 1607 497 1669 liber
510 1607 541 1668 in
555 1609 632 1691 pelvi
654 1624 778 1670 stannea
791 1608 852 1670 leni
865 1611 931 1692 igne

45 1702 88 1761 suh
105 1707 208 1770 crebre
230 1707 393 1790 agitatione
419 1710 449 1770 in
463 1715 548 1772 nere
580 1709 673 1772 libero
704 1711 746 1772 cd
762 1714 863 1793 syrupi
883 1724 930 1772 te-

47 1804 133 1865 nuioris
154 1807 380 1890 spissitudinem
402 1809 562 1890 redigatur.
577 1813 638 1888 Qui
652 1813 828 1875 decoctione
842 1827 931 1884 antea

46 1916 143 1975 pontus
163 1908 276 1983 fuerit,
299 1909 400 1970 ieviter
419 1909 548 1985 bullion
568 1910 621 1993 qni
643 1933 714 1974 nero
734 1933 790 1993 per
809 1931 929 1992 expres·

45 1998 136 2066 sionem
159 2010 327 2082 collectus,
348 2011 462 2092 placide
482 2021 600 2072 tantum
621 2023 810 2092 evaporctur.

73 2100 97 2162 6.
115 2105 247 2189 Liquor‚
269 2110 362 2190 queiis
382 2122 428 2171 est
449 2132 575 2192 syrupus
596 2110 730 2190 tenuior,
752 2108 927 2171 decoctione

45 2215 97 2261 ante
115 2225 258 2287 paratus,
279 2212 308 2270 in
329 2231 380 2270 vas
401 2209 575 2292 siguinum,
595 2215 725 2274 vitreum
746 2211 792 2271 vei
810 2212 928 2293 porcel-

45 2293 144 2365 laneum
164 2309 359 2382 effundatur,
379 2330 414 2376 nc
436 2308 494 2370 leni
513 2314 581 2392 igne
602 2311 657 2375 sub
677 2313 817 2372 continua
833 2314 928 2392 agita·

43 2394 106 2463 tione
117 2411 235 2489 spatula
249 2406 365 2490 lignea,
386 2432 423 2470 ne
437 2411 534 2491 grumi
547 2411 734 2484 formentur,
757 2410 928 2493 inspissetur

45 2499 72 2556 td
90 2503 218 2570 Extracti
238 2508 376 2568 formem.
408 2511 469 2586 Qui
499 2525 599 2570 aunem
628 2509 682 2592 'per
701 2511 925 2592 expressionem

43 2616 174 2679 separatus
198 2622 267 2680 est,
286 2608 318 2669 in
339 2629 466 2670 massam
488 2608 586 2692 pilulis
607 2609 770 2672 formandis
784 2610 925 2672 idoneam

45 2697 195 2782 redigatur,
231 2708 332 2770 addito
362 2710 485 2790 pulvere
516 2709 634 2790 pientes
659 2712 794 2770 rsioeatae
824 2709 925 2782 illius»,

45 2803 109 2878 cujus
122 2820 286 2870 extractum
299 2823 429 2889 paretur.
446 2796 686 2892 Uniuscujusque
700 2813 778 2868 succi
793 2809 925 2894 expressi

46 2912 197 2984 soporatio
230 2928 267 2967 eo
297 2930 392 2990 usque
421 2909 636 2990 protrahetur,
671 2908 766 2969 donec
797 2911 925 2993 pulveris
980 2979 985 2988 ‚

44 3016 131 3081 masse,
152 3021 279 3090 quartae
299 3008 377 3090 parti
399 3012 475 3070 succi
489 3006 615 3069 adhibiti
635 3012 838 3092 respondens,
860 3011 921 3074 suf-

46 3094 124 3187 ficiat,
144 3123 182 3170 ut
202 3109 272 3170 huic
294 3109 391 3170 debita
413 3109 450 3170 sit
470 3110 607 3172 Extracti
628 3115 797 3194 spissitudo.

74 3223 96 3278 7·
115 3208 298 3292 Evnporatio
328 3212 358 3270 in
388 3213 463 3272 vasis
494 3214 609 3294 cupreis
636 3233 754 3291 prorsus
776 3213 812 3272 sit
833 3213 922 3272 inter·

47 3296 116 3368 dicta.
445 3308 448 3317 ’
652 3330 654 3334 ·

74 3402 97 3466 8.
116 3409 258 3475 Extincto
279 3412 355 3474 vasis
371 3371 480 3490 eleusis
493 3422 664 3496 sorrentu.
690 3393 693 3400 Α
