2336 4144
150 297 250 348 PING.
267 295 394 348 vom.
413 253 476 346 dEU
495 292 614 344 AROMA
634 289 794 340 ANIMALE
848 289 919 361 217

46 421 113 472 Not.
136 417 196 470 506.
225 415 320 468 Oleum
337 411 525 485 pyro-animale
551 410 720 480 depuratum,
746 403 922 506 pellucidum,

14 509 100 560 odore
128 524 185 557 non
210 506 329 572 ingrato,
356 511 446 578 sapore
464 499 651 562 amariusculo,
678 515 780 548 accessu
805 495 870 546 aeris
894 493 922 543 in

13 599 107 648 olerum
127 611 219 664 pyro·
196 591 319 642 -animale
336 587 461 642 foetidum
475 595 670 673 transmutatur.
686 585 759 638 llanc
772 583 806 634 ob
820 599 923 633 causam

16 685 104 756 prebe
123 663 290 734 servande
305 682 352 732 est.
383 679 434 730 Vis
456 677 546 730 eadem
568 685 598 728 ut
622 667 649 727 in
675 671 843 726 antecedente
861 680 935 724 nota.

15 774 198 835 dictumest,
220 769 305 820 forsan
324 767 416 818 minor.
436 766 516 818 Dosis
535 763 640 830 cadem,
663 779 722 814 cum
741 759 861 813 saccharo
878 766 925 810 aut

11 859 127 912 aethere
147 853 290 909 alcoholico
308 857 401 908 soluta.
492 861 493 864 ’
929 844 932 862 '

98 1085 274 1160 rutam
299 1073 530 1166 uocarat
543 1061 563 1180 ,‘
579 1081 666 1196 sau
690 1079 847 1156 mour

343 1226 406 1297 ar
432 1223 566 1314 Auca.

408 1386 544 1402 m

103 1597 125 1608 ”
147 1597 271 1679 Aoum
295 1581 536 1670 Dusrrimrta
560 1593 795 1668 Auoraarrcaa.
869 1663 871 1668 .

105 1809 119 1841 ³
134 1816 332 1879 uacuam
355 1815 437 1876 rao
458 1815 657 1876 eiulatus
680 1817 804 1894 rQurs

195 1937 465 1998 uusrrmnrrs
487 1935 763 2031 arcuarius.
841 1971 844 1976 ι

63 2144 90 2181 ι.
115 2121 275 2202 Corpora,
296 2119 365 2178 huic
387 2117 551 2202 operationi
572 2119 772 2202 subjicienda,
797 2121 854 2179 sint
874 2141 920 2180 re-

26 2235 126 2282 center
146 2218 278 2296 siccata,
300 2219 355 2280 nisi
370 2217 709 2302 contrarium'enpressis
724 2219 820 2280 verbis
839 2241 923 2302 prue-

27 2321 161 2403 cipiatur.
197 2319 382 2381 Eximendae
413 2319 482 2380 lriuc
510 2321 621 2382 herbae
652 2320 922 2402 antiscorbuticae,

22 2423 106 2483 etin
125 2423 302 2482 universum
324 2422 411 2501 illae,
434 2443 560 2504 quarum
581 2422 754 2506 principium
776 2423 920 2486 volatilis·

27 2523 131 2584 simum
156 2524 296 2584 siccando
313 2522 585 2598 nimiumavolat,
606 2537 729 2587 ucsunt
749 2526 836 2590 liores
857 2529 921 2589 Ro·

26 2645 91 2702 sae,
114 2623 343 2702 Aurantiorum,
364 2621 505 2685 Liliorum
527 2626 728 2701 convallium,
749 2641 807 2688 cet.

61 2721 232 2786 Exsiccatio
253 2739 353 2786 autem
376 2723 486 2804 optime
507 2723 561 2790 frat
580 2723 640 2786 leni
659 2725 737 2809 furni
756 2727 854 2788 calore
875 2750 922 2789 su·

29 2847 77 2904 per
97 2825 242 2886 laminam
273 2823 460 2890 metallicam.
485 2825 517 2886 si
538 2837 637 2888 autem
659 2828 749 2889 modo
770 2827 919 2892 ordinario

24 2925 93 3001 liat,
113 2928 200 2988 locus
222 2928 377 2988 umbrosus
399 2925 535 3008 eligatur.

63 3049 89 3089 a.
112 3028 237 3089 Debent
270 3050 325 3110 pro
350 3026 437 3093 varia
462 3028 560 3090 indole
594 3041 662 3092 ante
693 3031 919 3096 destillationem

26 3131 189 3207 conscindi,
215 3131 380 3207 contundi,
413 3129 445 3190 in
466 3131 619 3212 pulverem
642 3133 708 3196 teri.
744 3137 774 3196 Si
796 3134 919 3198 duriora
991 3125 992 3130 ἵ

27 3229 153 3310 furunt,
176 3233 337 3291 maceratio
357 3216 411 3312 per
431 3253 524 3292 unum
546 3248 598 3293 aut
617 3235 716 3315 plures
736 3234 799 3297 dies
820 3219 917 3319 requi·

28 3328 119 3411 titur,
141 3333 204 3392 sive
225 3329 298 3392 lenis
320 3323 394 3412 ignis
415 3354 469 3416 per
489 3333 575 3420 horas
598 3334 711 3417 aliquot
731 3339 785 3398 suh
808 3359 916 3422 opera·

27 3428 108 3494 tionis
128 3431 248 3492 initium
268 3432 479 3515 applicandus,
503 3445 537 3496 ut
555 3433 599 3496 ita
619 3433 735 3500 facilius
754 3441 916 3520 particulae

27 3534 130 3594 activae
153 3532 337 3614 expellantur
356 3544 386 3594 et
406 3555 486 3616 aqua
500 3533 704 3618 suscipiantur.
718 3539 799 3604 Cave
814 3555 914 3604 autem

100 3629 224 3691 Ριιιιιιι.
246 3631 394 3714 Barrus,
420 3633 508 3696 Tum.
530 3633 577 3694 II.
799 3663 834 3725 ¹9
