2394 4148
457 295 558 348 tctnt

189 410 294 492 Aquae
314 409 475 492 deputatae
497 411 629 492 partibus
649 429 701 475 tex

62 506 204 588 solvatur,
226 509 326 570 &ouo
346 511 461 570 coletur
480 521 511 570 et
530 525 673 570 servetur.

87 646 145 696 Not.
162 643 221 696 355.
237 644 321 696 Germ.
336 641 559 714 Phosphorstiore,
573 645 637 716 belg,
652 643 863 714 Phosphorzuur‚
878 647 949 715 angl

63 729 216 802 phosphoric
235 729 313 796 held,
329 729 393 802 gall.
414 731 484 784 aride
502 731 699 802 phosphorique.
719 731 787 784 Calci
801 734 893 784 ossium
908 729 952 784 ad-¹

59 817 176 884 haerent,
197 827 225 869 ut
245 817 362 869 ‹unnibus
386 828 476 870 notum
503 827 555 885 est,
580 817 680 870 acidum
703 817 903 889 phosphorirurn
923 828 950 872 et

62 907 199 974 pauxillum
220 906 288 957 aridi
305 906 451 972 earhnnici,
470 925 535 980 quine
552 907 704 976 sulphurico
718 907 870 958 educuntur.
889 909 951 960 Car·

62 993 177 1044 bonicum
197 1003 372 1062 evaporatur,
391 993 588 1063 pluuphuricum
606 995 714 1046 humore
738 993 843 1064 limpido
868 995 951 1046 eonti-

61 1089 151 1146 netur,
168 1081 214 1150 qui
234 1081 432 1150 praecipitatum
451 1081 579 1150 (sulphas
597 1082 690 1144 calcis)
708 1091 864 1152 supernatat.
883 1081 950 1134 Cum

61 1179 142 1220 autem
159 1170 249 1239 liquor
262 1187 294 1219 ex
313 1169 384 1220 acido
398 1169 569 1238 phosphorieo
583 1169 746 1238 praeterhac
759 1169 885 1240 phosphns
899 1171 950 1220 eal-

61 1257 92 1308 cis
108 1259 236 1322 retineat,
257 1256 283 1306 id
309 1256 436 1308 arnmonio
462 1255 599 1308 carbonieo
621 1259 734 1327 separari
760 1257 852 1323 debet,
879 1257 952 1327 quod

62 1343 114 1394 dein
123 1379 131 1410 ,
147 1344 221 1396 acido
235 1343 355 1396 carbonis
370 1352 460 1413 sponte
474 1343 605 1414 deposito,
624 1335 686 1412 ignis
701 1344 854 1396 adminiculo
868 1345 894 1396 in
908 1347 952 1396 ae'·

63 1447 112 1482 rem
136 1429 283 1500 dissipatur.
312 1429 364 1480 Etsi
389 1431 533 1502 inquinatio
558 1430 622 1481 acidi
646 1430 807 1500 phosphoriei
832 1431 880 1482 hoo
906 1449 952 1484 en·

58 1517 156 1568 rheiresi
174 1517 279 1588 pronati
297 1535 355 1567 eum
374 1515 515 1586 phosphate
532 1519 623 1584 calcis,
647 1517 731 1589 quod,
757 1502 947 1590 quantumcun-

61 1623 105 1676 que
122 1605 166 1670 sit,
181 1603 318 1666 inhaeret,
339 1622 385 1654 nec
399 1623 477 1655 usum
496 1605 621 1656 medicum
640 1621 687 1656 nec
713 1605 949 1676 pharmaceuticum

61 1693 204 1762 prohibent,
224 1693 385 1763 praeparatio
404 1692 469 1742 acidi
487 1691 649 1762 phosphoriei
667 1711 699 1744 ex
723 1693 777 1764 ipso
802 1693 949 1764 phosphore

61 1799 114 1832 eum
130 1782 202 1834 acido
217 1781 328 1844 nitrien,
347 1783 419 1846 eujus
432 1781 586 1848 onygenium
601 1783 627 1831 in
641 1781 709 1832 hunc
723 1781 891 1846 transfertur,
912 1781 950 1834 nh

61 1870 107 1920 rlln
122 1870 253 1939 pretium,
273 1885 325 1937 qun
341 1864 418 1927 hodie
435 1867 595 1936 phosphorus
612 1867 773 1932 divenditus,
794 1870 822 1922 in
840 1869 949 1920 officinis

61 1956 268 2026 pharmaceuticis
285 1955 424 2006 secundom
443 1955 670 2026 pharmacnpneam
688 1957 844 2008 Berussiearu
858 1966 860 1975 ·
874 1973 952 2026 praee

62 2044 158 2096 terenda
175 2061 231 2098 esse
250 2043 312 2094 mibi
339 2042 448 2096 videtur.
467 2043 631 2096 Driessenius
656 2043 774 2112 sequenti
800 2041 876 2094 modo
899 2043 948 2095 sibl

63 2134 213 2202 nnmparavit
228 2131 330 2184 acidum
344 2131 544 2200 phosphoricum
557 2149 660 2200 purum.
676 2130 833 2200 Evaporatur
846 2132 948 2187 acidum

63 2218 255 2290 phosphorieum
272 2219 345 2274 acido
363 2219 511 2290 sialphuricn
528 2235 560 2272 ex
577 2218 675 2272 ossibus
691 2219 814 2272 eductum
837 2221 865 2271 iu
889 2203 953 2272 vase

63 2313 177 2372 stanneo,
197 2315 228 2358 ut
245 2307 354 2356 maxima
372 2323 428 2376 pars
446 2304 587 2374 phosphitis
609 2306 684 2356 calcis
708 2305 822 2356 aridulae
847 2323 949 2375 separe-

65 2399 111 2446 tur.
129 2394 182 2446 Hoc
200 2393 253 2446 sale
270 2401 370 2444 remoto
388 2392 509 2466 solutioni
527 2391 610 2444 adhue
632 2392 744 2444 ferventi
763 2401 815 2444 tarn
834 2392 878 2444 diu
897 2393 952 2446 aci·

65 2476 118 2528 dum
134 2481 311 2550 sulphurlcum
329 2478 487 2542 adstillatur,
508 2497 584 2548 quium
607 2479 801 2548 praecipitatum
828 2489 952 2550 apparet,

65 2561 144 2636 Gypso
161 2567 249 2618 denuo
269 2566 408 2618 liltratione
427 2574 453 2618 et
470 2566 631 2636 expressione
652 2583 698 2636 per
722 2583 836 2635 pannum
864 2569 951 2634 sejun·

65 2658 117 2716 uto,
134 2653 243 2706 fluidum
261 2653 287 2704 in
305 2669 363 2706 vase
381 2653 462 2706 vitreo
476 2652 508 2704 ad
521 2653 607 2722 syrupi
622 2651 744 2704 tenuioris
757 2653 949 2708 consistentiam

67 2739 214 2810 inopinanter.
235 2743 357 2814 Quinque
375 2743 417 2794 vel
433 2760 477 2794 sex
495 2741 610 2812 partibus
627 2741 748 2794 aleohnlin
766 2741 852 2794 allusio
875 2761 951 2814 repo·

66 2837 134 2882 natur
151 2850 197 2902 por
214 2831 291 2882 horas
309 2830 349 2897 nl.
369 2831 486 2899 Gypsum
503 2831 587 2882 adhuc
604 2831 738 2882 inhaerens
752 2832 827 2900 plane
841 2830 950 2884 fundum

66 2917 137 2983 petit,
155 2927 233 2990 atque
250 2919 350 2972 alcohol
364 2919 534 2972 destillatione
547 2919 668 2972 aufertur.
690 2919 797 2972 haidum
811 2930 948 2990 pronatum

67 3002 103 3051 vel
120 3021 183 3074 aqua
201 3005 322 3070 diluitur,
343 3007 385 3056 vel
402 3014 596 3056 concontratum
614 3012 738 3058 servatur.
765 3006 874 3060 Oxnlate
898 3025 956 3060 aee·

68 3089 164 3144 tnsnllae
182 3093 290 3146 calcaria
308 3109 339 3143 ex
357 3092 430 3144 acido
447 3092 619 3162 phosphorico
636 3091 740 3144 extrudi
762 3095 861 3162 nequit.
886 3094 954 3146 Con-

70 3181 114 3230 stat
140 3180 239 3230 aeidum
265 3179 463 3250 phosphorieum
489 3197 521 3230 ex
547 3181 665 3246 oxygeuii
691 3190 758 3252 part.
782 3181 815 3232 60
838 3189 864 3232 et
888 3181 953 3250 pho·

69 3262 146 3330 sphori
163 3277 228 3336 part.
247 3267 287 3333 40.
315 3267 418 3319 Pondus
444 3267 497 3333 ejus
524 3267 671 3336 specificum
698 3267 730 3320 ad
752 3267 850 3338 pondus
869 3285 954 3337 aquine

70 3357 275 3425 utot15,575‚
297 3373 397 3419 rn‚onn.
421 3353 585 3408 Pellunidum
611 3363 664 3419 est,
690 3355 826 3406 inndnrum
852 3373 881 3406 so
906 3346 953 3426 pe-

70 3438 150 3492 culiari
168 3444 238 3496 aeidn
264 3459 357 3512 sapore
378 3443 531 3512 praeditum.
556 3441 618 3493 Vis:
636 3443 791 3511 arraleptica‚
817 3443 945 3509 excitans,

70 3528 177 3582 nutriens
194 3531 242 3592 (de
262 3531 368 3594 Vries).
391 3532 467 3584 Urus-
493 3529 525 3584 ln
542 3509 640 3584 moiun
664 3528 746 3582 acutis
772 3530 954 3599 frequentius,
