2338 4144
231 283 302 358 168
329 307 451 357 soxur.
469 307 514 355 nn
539 290 663 355 vre'ea.
682 305 764 367 rou.
780 307 825 353 er
847 303 961 355 sicca.
984 304 1044 351 rx.

260 397 366 505 Capita
387 425 504 485 concisa
525 437 556 484 et
576 438 699 484 contusa
715 441 771 504 per
783 420 889 503 viginti
904 433 1053 502 quatuor·
1079 421 1140 480 ho-

216 545 265 585 ras
286 523 380 584 calide
403 525 573 605 digerantur
601 545 671 584 cum
698 546 794 604 aqua,
829 522 898 584 dein
927 539 1143 603 coquantur,

218 626 314 687 donee
336 637 405 685 octo
426 624 518 684 librae
540 615 703 706 supersint(
728 623 843 706 Liquor
872 626 1074 706 exprimatur
1109 647 1145 684 ac

217 725 350 807 coletur,
381 744 442 805 quo
472 724 552 784 facto
573 726 681 789 iterum
712 735 862 806 coquntur
882 724 920 782 ad
941 721 1147 800 dimidium,

219 823 269 885 cui
290 825 412 885 tandem
441 844 496 905 per
524 823 738 884 subsidentium
767 823 919 884 defaecato
933 805 1146 885 ¹saccharum

219 923 296 986 adde
317 945 352 984 ao
373 943 469 1005 coque
490 925 520 983 in
542 923 707 1006 Syrupum.

246 1085 309 1138 Not.
327 1084 386 1153 459.
405 1083 498 1136 Exulet
510 1081 619 1153 eyrupus
631 1083 765 1154 papaveris
778 1083 829 1135 albi
847 1099 878 1136 ex
891 1083 1143 1154 phmmeoopoeis,

219 1175 343 1244 quoniam
361 1174 415 1240 eius
432 1173 499 1225 vireo
515 1187 649 1242 nunquam
665 1179 754 1224 exacte
772 1170 906 1237 dijudicari
923 1181 1057 1240 possunt.
1087 1175 1143 1224 Mi-

221 1258 287 1310 eoeri
304 1267 405 1328 queunt
422 1260 475 1326 ejus
492 1258 549 1309 loco
566 1257 652 1308 statim
670 1257 786 1324 guttulae
805 1255 894 1308 decem
911 1257 965 1309 viui
988 1259 1051 1327 opii
1075 1278 1142 1310 cum

220 1360 317 1412 ayrupo
336 1343 448 1413 quodam
465 1343 581 1412 simplici.
607 1341 687 1393 Simili
708 1340 789 1393 modo
811 1360 924 1410 syrupus
946 1345 1070 1412 opr‘atus
1090 1347 1142 1398 Pe

222 1432 332 1484 Boruss.
351 1429 516 1498 componitur
532 1445 565 1479 ex
589 1435 655 1480 extr.
673 1427 725 1496 opii
755 1443 792 1494 gr.
811 1427 882 1478 XXV
906 1427 959 1478 vin.
981 1430 1139 1484 malaoens

222 1517 309 1580 uuaj
335 1523 362 1565 et
387 1532 474 1582 ayrup.
499 1513 607 1583 liquirit.
625 1529 684 1563 unc.
711 1513 805 1580 XXjV3
824 1515 860 1564 ita
877 1520 906 1564 ut
923 1531 987 1563 une.
1007 1518 1017 1581 j
1038 1523 1143 1590 syrupi

220 1616 327 1666 granum
347 1617 427 1650 unum
441 1601 550 1652 extracti
567 1601 618 1670 opii
636 1600 774 1651 contineat.
789 1600 867 1670 Quud
885 1600 989 1652 sivero
1010 1621 1141 1676 eyrupus

222 1689 322 1757 opietus
345 1704 393 1756 pro
417 1687 525 1739 officinis
550 1689 704 1740 necessarius
729 1689 871 1755 videatur,
897 1689 939 1740 hic
963 1701 1016 1743 aut
1037 1695 1142 1746 similia

219 1793 314 1848 syrupo
332 1793 464 1847 papaveris
481 1775 532 1828 albi
550 1775 745 1846 praeponendus
762 1785 808 1828 est.

317 1991 501 2054 SYRUPUS
522 1989 755 2080 repereris*
770 1990 1015 2053 RHOEADOS.

259 2173 332 2234 Rau.
353 2173 525 2236 Petulorum
547 2171 709 2232 recentium
730 2169 841 2230 florum
863 2170 1033 2252 Papaveris

398 2275 558 2335 Rhoeadus
579 2273 683 2334 libram
704 2293 819 2352 unam,

358 2373 495 2434 Succhari
517 2375 576 2434 albi
596 2372 689 2433 librae
707 2386 790 2445 tres,

359 2475 464 2555 Aquae
485 2473 631 2534 bullientis
652 2472 743 2534 libras
764 2472 849 2534 duas.

258 2594 410 2673 Petelasin
429 2615 507 2676 equa
529 2597 622 2655 calida
643 2593 743 2677 digere
764 2615 819 2677 per
830 2593 993 2654 duodecim
1009 2595 1134 2680 horas,

216 2697 363 2778 liquorem
393 2717 563 2778 expressum
593 2695 683 2777 cola,
720 2717 778 2776 ac,
815 2695 957 2755 sacchar-o
991 2698 1137 2774 addito,

216 2801 272 2860 leni
294 2797 465 2862 ebullitione
485 2800 515 2857 iu
536 2797 690 2880 Syrupum
713 2797 821 2878 redige.

438 3049 443 3058 ·
501 3014 697 3078 sraUPrss
716 3015 837 3077 RHEI.

259 3197 337 3256 Rae.
360 3195 437 3255 illei
457 3197 569 3254 conciri
589 3195 694 3256 unciae
714 3209 796 3267 tres,

361 3297 507 3355 Succhari
523 3297 621 3376 pirri,

358 3399 469 3477 Aquae
489 3397 654 3473 bullientis,
675 3398 826 3476 urticisque
848 3399 941 3460 libras
962 3399 1060 3461 duat.

259 3515 384 3576 Marem
406 3517 522 3576 ereum
544 3517 574 3575 iu
595 3534 677 3598 aqua
698 3518 789 3577 horae
809 3515 968 3578 duodecim
1000 3535 1033 3582 ee
1051 3539 1131 3604 post
