2336 4144
206 291 340 341 rrucua·
367 289 479 341 rixun
506 291 550 342 rr
577 290 786 342 oxrccumu
872 263 939 342 203

73 401 162 465 Vasa
193 405 259 466 luto
290 427 350 467 non
380 406 540 488 jungantur
567 420 691 491 propter
717 423 842 488 vapores
863 402 939 464 acidi

31 507 206 584 muriatioi7
228 509 277 589 qui
299 505 441 568 continuo
462 520 634 590 emmpunt.
664 509 765 590 Ignem
787 507 845 588 jam
867 525 939 586 sup·

26 625 117 686 pone
140 607 199 666 sub
220 604 337 668 camino
359 607 436 668 adeo
453 607 575 686 lenem,
594 618 638 668 ’ut
658 607 759 668 oleum
780 603 832 666 vix
853 603 937 666 inca·
1040 629 1043 638 ·

21 706 152 779 rescat,
175 717 207 767 et
227 707 343 768 acidum
366 721 565 790 oxygenatum
584 707 668 788 larga
689 706 841 791 superficie
859 703 939 766 cxci·

23 809 96 888 piat
119 821 153 866 et
174 807 373 891 decomponat
392 805 424 867 in
451 808 531 868 hunc
558 807 705 887 modum,
737 818 771 867 ut
797 807 939 878 naribus,

25 910 70 970 ad
96 927 239 970 vasorum
254 906 462 970 commissuras
477 907 628 982 admotis,
648 906 699 970 vix
714 905 822 990 percipi
836 921 937 990 quent.

26 1007 118 1090 Ignis
140 1011 182 1068 ita
204 1029 256 1090 pcr
272 1007 400 1068 biduum
422 1019 474 1068 aut
492 1008 645 1088 triduum,
662 1018 697 1086 et
717 1011 857 1068 aestuosis
872 1004 938 1068 di·-

21 1111 111 1188 bus,
133 1129 189 1191 per
211 1108 404 1190 quatriduum
425 1111 527 1172 saltem
549 1108 749 1170 sustinendus.
777 1105 938 1190 Excipuii,

24 1205 214 1292 praesertim
235 1211 382 1268 matutino
402 1220 537 1290 tempore
552 1207 735 1290 refrigerati,
756 1205 934 1288 concussio,

25 1331 92 1392 qua
113 1306 280 1370 identidem
309 1318 441 1369 mutetur
471 1307 530 1368 olei
561 1307 752 1390 superficies,
780 1327 935 1368 commen·

26 1408 135 1470 danda
152 1433 164 1481 ς
184 1406 358 1486 praesertim
380 1407 405 1468 si
426 1408 522 1490 maior
550 1406 590 1469 sit
609 1405 784 1489 quantitas,
814 1419 936 1489 propter

26 1531 126 1592 quam
148 1506 200 1568 hie
217 1493 306 1568 labor
324 1506 490 1591 suscipitur.
511 1509 574 1568 Hac
594 1510 709 1570 ratione
721 1519 933 1589 praeparatum

29 1609 138 1670 oleum
161 1606 311 1690 oxygenio
324 1654 334 1682 ,
347 1683 351 1690 η
366 1619 418 1687 et,
453 1609 534 1690 quod
565 1629 680 1692 semper
707 1619 776 1670 cum
806 1607 860 1670 iiio
888 1617 935 1668 eat

30 1711 249 1790 conjunctum,
266 1707 400 1770 celorico
421 1707 464 1769 ita
485 1707 524 1770 sit
537 1720 723 1786 saturatum,
743 1719 778 1772 ut
790 1706 935 1792 spissioris

35 1808 137 1893 syrupi
157 1808 271 1869 habeat
287 1811 519 1870 consistentiam.
541 1810 607 1870 Hoc
628 1810 767 1889 tandem,
788 1830 865 1890 aqua
880 1807 933 1869 sri-

32 1909 101 1991 gida
121 1909 238 1982 affusa,
257 1930 276 1968 a
296 1930 392 1990 pauco
413 1909 593 1972 adhaerente
609 1909 700 1970 acido
719 1906 878 1970 muriatico
897 1905 935 1969 E·

30 2013 175 2086 teretur,
205 2013 341 2094 vasisque
370 2025 475 2076 exacte
505 2001 611 2072 clausis
631 2009 663 2072 in
683 2011 751 2071 loca
770 2007 880 2092 frigido
901 2021 932 2071 et

32 2112 162 2170 obscuro
184 2120 327 2172 servetur.

57 2269 121 2321 Not
142 2267 204 2336 496.
221 2267 280 2319 Non
296 2269 408 2321 muitum
425 2267 554 2338 discrepat
578 2267 665 2322 olerun
690 2265 818 2322 olivarum
833 2281 930 2338 oxygo-

29 2363 125 2408 natum
144 2353 178 2406 ab
195 2355 373 2423 antecedenti,
396 2373 445 2408 nec
462 2357 553 2423 video,
577 2373 657 2426 quare
681 2356 731 2408 hoc
748 2371 802 2408 non
818 2353 940 2411 sufficiat*

32 2446 58 2496 in
75 2439 198 2496 cfficinia.
217 2439 348 2496 Laudatur
364 2445 461 2515 pariter
479 2445 654 2498 aveimanno
671 2447 699 2498 in
716 2443 787 2498 tinea
799 2446 942 2516 capitis&¹

32 2529 168 2590 ulceribus
185 2529 331 2606 heqeticia.
