2336 4144
225 285 298 361 260

337 455 341 462 ’
430 437 432 444 ’
503 467 941 622 unuuaurn·'

607 665 738 682 -a

273 783 468 910 anaunia
489 835 574 898 rao
595 833 795 897 pirannis
816 833 1073 897 uuonunrrs.

265 1027 289 1068 r.
310 985 527 1068 Messanamenta
541 1019 686 1080 externa,
706 1007 867 1085 Unguenta
880 1004 984 1082 dicta,
1004 1028 1044 1068 ex
1058 1007 1121 1068 Pin

218 1109 345 1189 guedine
366 1107 508 1183 animali,
528 1105 712 1191 vegetabili,
733 1120 764 1168 et
787 1109 864 1170 Cera
884 1107 980 1184 liunt,
1011 1108 1121 1193 quibus

216 1207 333 1290 liquatis
353 1207 555 1277 admiscentur
577 1211 718 1285 Resinae,
744 1207 1009 1284 Gummiresinae‚
1046 1211 1120 1270 Olea

213 1309 374 1382 aetherea,
408 1307 547 1370 Pulveres
569 1309 764 1389 vegetabiles,
799 1310 983 1391 Praeparate
1005 1309 1121 1380 ¹metul-

217 1407 289 1482 lica,
312 1407 417 1490 Sapo,
439 1422 516 1468 eaet.

257 1527 285 1567 a.
306 1505 432 1588 Pinguia
462 1525 523 1566 nou
549 1503 699 1586 volatilia,
731 1519 766 1568 ut
787 1505 923 1585 Oleum,
954 1507 1119 1590 hungis,

215 1605 343 1684 sebum,
366 1608 460 1678 Cera,
480 1604 609 1688 primum
631 1604 661 1665 in
683 1625 752 1665 vase
773 1617 919 1685 stanneo,
940 1607 988 1667 vel
1009 1618 1118 1668 stanno

212 1701 307 1786 probe
322 1702 472 1778 obducto,
493 1703 541 1764 oui
556 1703 662 1764 fundus
678 1704 850 1764 orbicularis
869 1703 918 1765 vel
934 1704 1117 1786 subplanus,

212 1802 275 1864 leni
294 1801 362 1888 igne
383 1801 497 1886 liquata
519 1802 719 1885 misceantur,
748 1824 784 1863 ac
812 1824 868 1886 per
894 1825 1032 1884 pannum
1062 1807 1116 1866 lin·

213 1917 295 1967 teum
316 1905 460 1967 colentur.
482 1903 582 1966 lllirto
603 1902 708 1987 pingui
725 1903 825 1964 colato
846 1901 1025 1985 adjiciantur
1046 1905 1115 1967 dein

213 2005 356 2067 Pulveres
376 2017 408 2066 et
427 2005 570 2066 Extraeta
591 2005 647 2065 sub
668 2005 813 2064 continua
827 2002 1011 2085 agitatione,
1033 2005 1113 2068 adhi-

211 2105 275 2166 bita
295 2117 364 2188 apta
385 2107 482 2186 lignea
502 2103 639 2186 apstine,
659 2105 755 2164 donec
777 2124 877 2165 masaa
894 2103 1057 2174 refrixerit.

252 2206 281 2265 3.
304 2203 337 2266 si
360 2203 523 2286 Unguentis
548 2203 773 2264 immisceamur
800 2223 929 2284 corpora
959 2203 1110 2278 volatilia,

209 2314 244 2365 ut
265 2305 342 2364 Olea
363 2305 524 2383 aetherea,
547 2304 740 2386 Camphmn,
762 2301 945 2386 similiaque,
968 2303 1048 2367 haec
1063 2306 1108 2366 de·

209 2423 292 2464 mum
314 2401 509 2463 admiscenda
526 2401 580 2462 snb
600 2399 763 2482 refrigerio.

250 2504 280 2580 4.
303 2501 424 2564 Ilesiuas
444 2518 475 2564 et
496 2500 747 2564 Gummi-resinat
778 2501 940 2584 aliquando
963 2503 1048 2566 Oleo
1069 2519 1110 2568 te·

208 2601 431 2668 rebinthiuaceo
452 2601 589 2686 subigere
610 2606 772 2682 convenit,
794 2616 954 2686 antequam
976 2604 1109 2690 reliqtraa

208 2725 321 2766 massae
342 2707 500 2768 addantur.

247 2805 277 2866 ἆ
300 2807 464 2888 Unguentis
485 2809 522 2866 sit
541 2806 732 2870 consistentia
750 2805 845 2868 mallis
865 2804 1011 2872 firmioris
1022 2853 1035 2888 ,
1061 2809 1107 2870 vel

205 2906 362 2982 Extracti3
392 2905 609 2968 accuratissime
637 2927 742 2967 eorum
768 2921 868 2990 partes
888 2909 1108 2969 constituentes

207 3007 266 3068 sint
287 3007 430 3069 mixtione
461 3003 609 3089 aequabili
629 2981 757 3082 unitae,
789 3028 851 3070 nou
875 3009 934 3070 sint
965 3029 1107 3089 grumosa

206 3119 240 3168 at
257 3107 342 3168 facile
367 3105 538 3168 illiniuntur.

244 3206 274 3269 6.
296 3209 461 3272 Serventur
474 3209 549 3270 vasis
563 3208 667 3270 clausis
675 3251 686 3285 ,
700 3207 885 3292 potissimum
900 3207 1009 3290 quibus
1022 3209 1103 3270 vola·

204 3307 265 3369 tilia
287 3307 427 3391 principia
443 3323 531 3384 sunt,
552 3321 584 3371 et
604 3309 896 3372 omuibuscaveatur
917 3330 936 3368 a
957 3329 1100 3392 rancore,

202 3427 295 3490 quem
308 3420 473 3492 vetustate,
496 3410 595 3474 satore
610 3424 641 3473 et
655 3414 724 3473 a'e're
744 3409 842 3472 libero
859 3409 1102 3495 atmosphaerico

205 3504 399 3572 contrahunt.
