2348 4146
250 237 304 334 74,
553 265 558 280 ’
646 261 753 316 tamt

355 431 358 434 .
391 374 482 436 Am'oii
501 378 633 454 acetost,
653 391 798 458 quomam
821 377 947 457 aosfieit.

209 519 211 524 .
288 471 388 540 Asido
412 477 443 532 in
463 477 617 535 cucurbita
639 478 759 555 vitreo,
780 479 810 538 in
832 475 939 537 balaeo
960 494 1067 536 arenae

246 571 380 649 colenti,
408 575 559 633 cot-bonas
587 579 763 636 ammoniae
789 580 898 636 sensim
925 577 1073 648 admisce,
1095 572 1126 632 ad

247 679 434 733 saturitatem
456 697 570 756 usqum
593 677 688 735 mixta
705 698 763 756 per
782 679 902 756 aliquot
922 677 986 737 dies
1002 692 1127 756 seponan-

248 789 298 832 tur
309 819 318 846 ,
338 773 462 834 subinde
483 771 650 854 agitandaa
670 777 768 858 denuo
791 777 940 856 explora,
972 795 1043 834 nram
1062 787 1127 832 sota·

247 887 331 934 rotas
351 874 451 956 liquor
470 879 527 950 ait,
543 875 599 936 'ain
622 881 733 946 minas,
764 875 886 952 aliquid
904 876 954 934 vel
974 876 1055 934 acidi
1072 892 1126 932 oce·

246 975 319 1048 tori,
340 976 385 1034 vel
406 975 480 1035 salis
500 975 629 1034 oioaliai
649 975 798 1067 adrnisce,
821 989 851 1034 et
871 996 958 1035 servo
980 995 1050 1034 vose
1073 971 1127 1032 bem

251 1073 396 1134 inerrato.
663 1081 665 1086 '

274 1245 337 1294 Not.
357 1244 414 1294 380.
444 1244 527 1294 Germ.
552 1242 680 1319 Elassiges
697 1244 848 1310 essigsaarea
865 1243 1050 1307 Amanium,
1078 1241 1128 1308 belg·

248 1330 395 1402 vloejemiep
413 1320 569 1398 azynzuures
595 1317 876 1402 Ammonium‚'aagl.
902 1330 1000 1400 liquide
1027 1324 1128 1382 aeetatrd

247 1419 396 1481 Ammonia,
415 1419 481 1488 gall.
502 1417 601 1468 Ace'tite
620 1417 824 1486 d'ammoniaque
843 1417 963 1485 liquide,
989 1436 1058 1468 ross.
1078 1412 1132 1480 ΡΟ·

251 1501 355 1559 cont>
374 1501 763 1568 yttcoflamafflbtpflbm
787 1501 1065 1564 Multanptpoma.
1088 1501 1132 1552 sine

250 1589 329 1641 dubio
344 1589 479 1642 methodus
494 1574 612 1642 acetitem
627 1591 768 1642 ammoniae
781 1591 906 1660 liquidam
918 1591 1061 1642 secundum
1070 1589 1130 1660 phar·

231 1719 234 1725 .
252 1693 415 1746 macopoeam
443 1677 544 1728 Boruss.
558 1669 742 1746 ,eomponendi
769 1694 801 1728 ea
819 1678 886 1728 aceti
904 1678 1065 1728 concentrati
1081 1694 1103 1746 q.
1116 1689 1130 1722 a·

254 1774 282 1818 ot
298 1765 430 1818 carbonat.
449 1783 561 1818 ammon.
580 1782 639 1818 rane.
656 1767 682 1832 jjj
701 1771 772 1816 tanta
788 1764 936 1833 quantitate
953 1782 1038 1834 aquae
1054 1763 1130 1824 affusa.

251 1861 283 1920 at
299 1855 379 1906 totius
396 1852 497 1923 pondus
514 1853 547 1903 sit
564 1865 623 1918 nno,
642 1851 693 1921 24,
710 1852 744 1904 ob
761 1853 883 1906 virtutem
897 1852 1005 1904 remedii
1022 1859 1132 1922 perpetuo

252 1959 390 1996 consonam
409 1941 547 2011 praevalet.
568 1941 603 1992 Ex
620 1941 751 1992 connuhio
768 1941 844 2008 hujus
862 1941 960 1992 acetitis
974 1959 1036 1992 cum
1049 1937 1133 2008 aequali

249 2047 331 2100 aquae
349 2030 421 2098 copia
438 2028 525 2098 prodit
542 2029 629 2098 liquor
646 2030 744 2094 acetitip
757 2029 900 2080 ammoniae
914 2038 1132 2098 extemporaneas,

249 2119 295 2187 qui
312 2118 420 2186 spiritns
438 2116 584 2168 Misuiereri
601 2116 702 2168 dicitur.
723 2116 840 2168 Methodi
864 2117 983 2176 acetitem
1003 2114 1133 2166 ammoniae

249 2223 282 2257 ex
299 2205 393 2256 acetite
410 2203 509 2273 plumbi
526 2211 573 2254 aut
589 2205 682 2255 acetite
700 2196 822 2254 calcariae
840 2211 887 2254 aut
903 2220 941 2254 ac.
958 2211 1075 2270 potassae
1086 2214 1133 2251 aaa

249 2277 358 2344 mur-iate
376 2292 518 2344 ammoniae
536 2289 720 2360 componendi,
748 2308 796 2342 nee
823 2290 974 2354 secaritate,
1004 2307 1054 2354 nec
1075 2286 1134 2358 pmi-

250 2388 304 2432 tate
332 2379 556 2444 commendantur.
590 2379 698 2430 Constat
726 2379 804 2430 acetis
833 2377 979 2428 ammoniae
1017 2395 1051 2430 ex
1081 2371 1134 2426 aceti

250 2475 317 2538 part.
336 2467 385 2533 240
403 2475 430 2518 et
452 2467 595 2518 ammoniae
620 2485 653 2535 p..
669 2465 734 2530 144..
751 2466 800 2516 Vis
825 2465 918 2516 leniter
936 2465 1067 2528 excitans,
1091 2459 1135 2512 dia·

249 2554 390 2624 phoretioa.
421 2555 490 2604 Usus
516 2553 544 2604 in
571 2551 686 2606 febribus
712 2551 920 2625 eatmrhalihm,
953 2551 1031 2620 typhi
1056 2549 1133 2608 initia,

250 2643 441 2708 rheumatismo.
476 2642 557 2692 Doris
584 2640 621 2690 dr.
639 2639 722 2708 jj-dr.
747 2641 787 2708 Vj.
816 2641 880 2690 Mire
904 2640 942 2692 vis
970 2637 1147 2710 diaphoretiea

253 2739 362 2797 augetur
379 2729 482 2780 aethere
500 2729 596 2778 naitico
615 2727 770 2791 alcoholico‚
789 2727 875 2778 aeotiti
896 2728 1041 2779 ammoniae
1059 2722 1135 2778 adstil·

250 2817 311 2868 lato.
331 2816 492 2868 Extrinsecus
511 2815 617 2866 fomenti
629 2806 716 2865 'instar
733 2814 848 2884 partibus
867 2815 984 2866 admotus
1008 2811 1137 2881 stagnatio·

252 2922 297 2956 nes
315 2904 430 2956 dissolvit
446 2902 488 2952 hic
505 2902 591 2972 liquor
609 2901 712 2952 salinus.
735 2901 835 2952 Laudat
859 2891 918 2952 euin
941 2919 994 2952 non
1019 2903 1101 2952 minus
1116 2899 1137 2948 in

254 2993 382 3061 opacitate
412 3005 520 3041 corneae
546 2989 704 3040 Boarhovius
730 2988 825 3053 (Elem.
852 2987 933 3040 chem.
962 2989 1035 3055 1732.
1061 2987 1091 3038 T.
1109 2981 1136 3035 11.

253 3099 278 3148 p.
306 3082 383 3147 ²95)·
412 3077 617 3148 Deeomponimr
643 3077 720 3128 acetis
747 3078 1039 3147 ammoniaenpotassa,
1071 3073 1137 3134 sota,

254 3167 329 3219 acido
347 3166 513 3236 sulphurico,
532 3164 666 3216 muriatico
684 3173 711 3216 et
728 3165 821 3217 uitrico
839 3173 916 3234 atque
934 3165 1046 3216 muriate
1064 3161 1126 3214 ferri.
