2338 4144
93 257 232 309 sorar.
259 257 306 306 nn
330 255 457 306 vacue.
482 253 605 320 anuos.
632 254 820 308 rusrrsstr.
875 234 944 312 163

74 451 200 516 Eodem
222 452 317 512 modo
337 466 481 534 parentur

70 609 348 672 Exrnacrun
369 607 560 670 eruerer,
581 595 863 669 Bennnnontn

65 731 337 794 Exrnacrun
359 730 601 790 cnnnrnenn
625 689 810 792 disens.

21 839 370 930 *sparnacum
387 844 594 945 'oronnae
679 871 683 880 ·

61 937 344 1041 exeniorum
366 965 599 1029 srnnnonn.

63 1086 342 1150 exraacrnu
363 1087 586 1148 anniane,

64 1205 341 1270 nxrnncrun
362 1205 613 1266 uroscrnnn.

62 1323 343 1389 uxrnacrnn
366 1325 551 1384 rareocn
573 1327 781 1403 annerici.

52 1484 119 1534 Not.
141 1477 207 1543 455.
226 1475 257 1526 ln
275 1477 435 1544 inspissandis
452 1479 572 1528 extractis
586 1477 731 1546 plantarum
746 1479 951 1541 narcoticnruur,

27 1583 201 1637 earumque,
219 1582 285 1634 quae
303 1573 416 1616 aromate
430 1564 538 1616 donatae
552 1573 628 1630 sunt,
647 1566 789 1636 saepissime
803 1568 885 1620 omnis
899 1571 938 1620 vie

26 1661 139 1708 incauto
159 1655 228 1721 ignis
246 1651 417 1703 moderamine
436 1653 606 1722 dilapidatur,
625 1654 660 1706 ita
675 1664 703 1706 ut
717 1665 831 1707 extracta
845 1675 859 1711 a
873 1656 938 1709 roob

27 1745 148 1796 sambuci
169 1741 264 1793 adusto
278 1742 321 1793 vix
340 1740 468 1790 differant.
492 1741 653 1808 Teneamus,
671 1761 776 1796 succum
789 1745 936 1812 plantarum

30 1852 109 1904 usque
131 1832 167 1884 ad
188 1830 324 1881 dimidium
341 1838 505 1898 evaporatum
524 1830 665 1896 transgredi
684 1847 757 1899 posse
770 1830 876 1896 gradum
894 1849 939 1883 ca·

28 1923 89 1972 ioris
109 1935 203 1989 aquae
220 1915 348 1979 fervidae,
367 1917 482 1982 quamvis
495 1935 547 1967 non
561 1916 716 1968 effervescat.
736 1917 878 1968 Oborictur
891 1918 940 1984 igi·

30 2017 72 2060 tnr
89 2025 128 2060 ex
144 2004 282 2073 inopinato
299 2003 326 2054 in
343 2002 435 2054 balneo
449 2021 540 2054 urenae
554 2005 622 2055 succi
637 2004 848 2055 excandescentia
862 2021 938 2074 supra

30 2095 144 2160 gradum
164 2107 217 2142 ara
235 2089 284 2141 Th.
304 2089 336 2140 F.
352 2089 399 2140 nisi
417 2089 459 2140 hic
476 2091 624 2158 expiaretur
651 2090 828 2143 thermometri
853 2089 940 2142 iutro·

28 2182 164 2232 missione.
184 2203 221 2218 -ι
236 2176 384 2244 Inspissatio
401 2185 575 2228 extracturum
593 2179 651 2228 aire
671 2177 753 2228 libero
767 2177 849 2234 sacta.
868 2179 939 2229 omui

14 2261 108 2320 'laude
130 2267 212 2332 digna
229 2272 275 2315 est.
294 2263 333 2313 Ne
351 2271 462 2315 transeat
480 2273 566 2314 antem
592 2283 681 2316 succus
699 2266 725 2314 in
744 2266 854 2333 pateris,
879 2267 939 2335 qui-

28 2355 76 2406 bus
95 2351 270 2414 continetur,
289 2349 362 2416 digiti
380 2349 478 2400 dimidii
492 2351 662 2402 altitudinem.
682 2351 841 2422 Evaporetur
853 2353 937 2404 sattim

29 2449 186 2493 nunctum
203 2439 231 2488 iu
248 2437 341 2488 mariae
359 2437 466 2504 balneo,
485 2437 533 2488 nisi
552 2440 611 2490 aire
629 2439 683 2492 soto
700 2440 767 2492 illud
780 2440 939 2494 condensare

31 2519 174 2578 vetimuss
456 2589 460 2598 Ι

59 2617 200 2666 Exwactu
206 2609 317 2680 frigida
332 2627 470 2678 garoyann
483 2610 683 2679 inspissabautur
697 2630 773 2684 super
785 2613 878 2665 balneo
891 2631 940 2669 va·

31 2703 120 2770 poris,
138 2691 277 2768 postquaui
295 2697 445 2763 vegetabilia
463 2699 489 2748 in
507 2715 572 2767 aqua
587 2697 678 2764 frigida
694 2699 811 2751 rudicula
829 2700 935 2754 suerunt

34 2787 208 2840 comminuta.
223 2785 315 2836 Metius
323 2791 411 2836 autem
422 2794 569 2836 reserantur
581 2787 721 2854 particulae
735 2787 880 2856 plantarum
894 2805 937 2840 re·

33 2875 137 2924 niuosae
155 2887 223 2938 aqua
241 2868 347 2920 fervida.
364 2896 399 2912 -·
416 2868 571 2920 Redduutnr
588 2879 703 2922 extructa
719 2871 769 2923 hoe
792 2873 848 2925 ioco
875 2889 936 2924 con·

33 2962 154 3026 signata,
173 2975 240 3026 quae
257 2973 345 3010 omnes
363 2957 416 3008 sere
432 2955 559 3026 principio
572 2959 703 3012 narcotico
716 2967 832 3027 scatent,
849 2960 938 3012 effica-

33 3047 124 3110 ciora,
142 3044 257 3114 pulveris
274 3044 376 3112 plantae
395 3043 567 3095 extrahendae
585 3045 750 3098 admixtione.

59 3134 225 3184 Extractum
243 3129 353 3180 ocorziti'-
365 3119 506 3198 praeeunte
529 3130 662 3182 Stoeneki'o
679 3133 829 3202 praesertim
852 3133 879 3182 in
897 3132 936 3184 ai·

35 3217 147 3270 iectibus
166 3214 304 3268 arthriticis
322 3214 406 3266 datur.
431 3215 510 3268 Dosis
528 3234 564 3284 gr.
584 3219 594 3283 i
611 3235 670 3268 cum
696 3219 815 3270 saccharo
840 3218 935 3270 sensim

35 3304 163 3372 augenda.
189 3303 291 3355 Sohatio
316 3315 383 3356 extr.
407 3302 508 3354 aconiti
535 3303 660 3370 stibium,
688 3305 718 3356 R.
742 3305 813 3356 Extr.
839 3305 934 3357 aconiti

35 3389 75 3442 dr.
93 3387 124 3464 β
140 3389 205 3440 suiv.
224 3388 251 3439 iu
268 3388 319 3440 rin.
338 3387 433 3440 stibiat.
451 3405 509 3440 unc.
527 3391 544 3454 j.
564 3389 637 3442 Doris
654 3397 724 3458 gott.
741 3389 813 3442 XXX
831 3398 859 3444 et
875 3391 935 3460 pta-
1027 3411 1032 3420 =

37 3493 77 3530 res
98 3479 153 3541 (A.
174 3477 206 3528 G.
223 3474 355 3542 diriter).
373 3475 433 3530 Vid.
452 3483 509 3528 aot.
526 3474 569 3544 49.
