2338 4144
413 279 551 328 mucuu
859 255 923 327 131
987 266 988 272 ’

22 397 101 448 leuius
114 395 341 448 commendatum.
356 392 413 448 Cits
426 394 609 447 constrictione
623 393 707 446 forsan
720 391 816 446 emesin
828 391 927 462 produ-

25 487 71 550 cit,
88 486 109 536 si
128 493 190 536 arte
210 481 306 534 factum
324 489 377 546 cst,
397 499 446 534 nec
462 499 543 552 cupro
561 481 732 552 inquinatum.
751 479 829 546 (vid.
844 481 922 533 Man-

26 575 72 641 geu'
88 572 157 624 Bibt.
177 571 281 640 phorm.
298 570 365 622 med.
385 570 429 636 11,
448 587 504 644 pag.
523 571 573 642 760
598 579 626 624 et
651 578 706 622 not.
724 568 774 636 4οὸ
800 577 827 622 et
849 569 926 634 414).

26 659 121 712 Piiulee
140 676 177 710 ex
195 657 315 727 sulphate
332 659 397 710 zinci
415 655 505 712 eodem
524 657 617 724 modo,
644 666 674 710 ut
698 659 726 710 in
752 665 806 710 not.
824 657 870 724 4οι
892 657 924 708 dc
983 689 986 697 ·

23 747 132 798 muriate
151 743 307 812 hydrargyri
324 730 422 796 dictum
441 753 495 811 est,
517 743 622 796 formari
638 752 754 814 possunt.
773 744 876 796 Solutio
888 763 921 794 ex

21 833 139 902 sutphatc
160 831 234 884 zinci
249 845 299 901 pro
317 847 366 882 usu
385 833 488 884 interno
497 868 506 898 ,
527 831 556 884 B.
575 831 684 900 sulphut
699 831 764 884 zinci
777 849 813 900 gr.
827 831 844 898 ij
858 832 920 886 sotv.

22 925 46 974 in
62 941 129 993 squ.
148 921 208 973 flor.
228 918 361 974 Chamom.
379 939 438 974 unc.
457 923 491 990 444.
511 921 585 972 Dosis
603 920 683 973 cochl.
700 923 710 988 j
726 920 766 972 bis
783 920 825 974 vel
837 929 878 972 ter
891 919 922 972 dc

23 1011 70 1062 die.
90 1011 214 1064 Externe
231 1007 334 1079 sulphas
351 1009 417 1062 zinci
431 1007 536 1062 discutit
549 1005 762 1061 inflammationes
775 1009 920 1074 chronicas,

21 1107 44 1148 et
59 1097 276 1164 haemorrhagiae
288 1097 377 1162 ¹sistit,
395 1099 529 1168 variusque
544 1097 706 1150 exoretiones
719 1097 815 1148 ,nimias
833 1096 920 1148 mode·

21 1193 102 1237 ratur.
121 1185 264 1236 Utcuscula
281 1185 331 1235 oris
349 1183 474 1253 aphthosa
491 1174 600 1236 mundet
617 1193 643 1236 ct
660 1184 817 1237 sanationem
831 1199 920 1235 eorum

20 1281 169 1341 promovet.
190 1276 268 1343 Aqua
282 1271 460 1343 ophthalmicus
476 1289 510 1324 cx
528 1271 647 1342 sulptuu
658 1273 747 1338 zobici,
764 1269 796 1324 R.
809 1269 920 1342 eulpimt.

20 1361 84 1414 zinci
99 1376 138 1428 gr.
153 1363 203 1427 j-jj
218 1361 280 1413 solv.
294 1363 322 1412 iu
333 1377 394 1435 squ.
407 1369 485 1414 rosut.
505 1377 563 1414 uuc.
580 1363 598 1428 j.
617 1360 683 1412 Addi
701 1369 824 1432 possunt,
841 1363 919 1429 prout

21 1449 105 1500 morbi
118 1457 215 1500 natura
227 1449 356 1518 exposcit,
370 1449 487 1518 muoilsg.
504 1467 564 1502 sem.
579 1449 712 1518 cydonior.
725 1447 919 1520 d1·.jj.Iujcctio
1011 1450 1012 1456 ’
1096 1493 1104 1504 .

21 1537 153 1607 sulphutis
171 1537 244 1588 zinci
261 1537 289 1588 in
307 1537 485 1603 humaturus,
505 1539 535 1591 u.
553 1538 664 1608 sulpha‘t.
683 1539 747 1590 zinci
766 1557 801 1607 gr.
821 1537 917 1589 XXXV

20 1626 82 1678 solv.
102 1627 210 1694 inequ.
229 1641 358 1678 commun.
372 1623 436 1676 dest.
456 1641 514 1678 unc.
530 1625 567 1693 jv
586 1627 726 1689 (Garum).
754 1626 785 1678 ln
803 1625 919 1697 qualibet

20 1715 197 1766 hiematuriae
211 1714 295 1782 specie
307 1729 360 1766 non
373 1713 536 1784 profuturam
549 1731 602 1766 esse
615 1729 701 1784 perse
714 1715 793 1784 patet.
801 1715 916 1786 Injectio

26 1803 136 1870 salphat.
155 1803 229 1854 zinci
256 1803 284 1854 in
310 1804 431 1872 vaginam
456 1804 539 1868 ami,
566 1804 595 1854 lt.
614 1804 725 1872 sulphot.
743 1804 809 1856 zinci
825 1821 872 1856 scr.
890 1806 919 1868 4-

26 1891 60 1942 dr.
76 1891 103 1964 β
121 1909 185 1961 aqu„
203 1907 331 1962 commun.
351 1887 414 1942 dest.
434 1909 492 1942 unc.
510 1895 527 1958 j.
545 1891 725 1944 In'obstinuto
743 1891 825 1944 fluore
842 1891 915 1955 albo,

30 1989 101 2048 atque
117 1979 321 2045 haemomhugiis
337 1979 441 2048 passivis
458 1979 638 2032 efficacissima.
653 1981 804 2032 Fomenzum
817 1997 849 2030 ec
862 1980 918 2030 sut-

26 2064 93 2130 piat.
106 2065 184 2116 zinci
192 2101 199 2129 ‚
214 2063 244 2114 R.
258 2063 370 2132 sulphat.
384 2065 448 2116 zinci
462 2063 516 2131 dui
531 2083 590 2134 aqu·
604 2083 734 2136 commuu.
749 2064 812 2118 dest.
826 2081 884 2117 une.
899 2066 917 2129 j.

26 2153 123 2204 Salutio
142 2152 257 2222 salphat.
284 2153 356 2204 zinci
379 2153 407 2204 in
432 2151 545 2221 ophthis.
573 2153 602 2204 R.
627 2153 738 2222 sulphat.
759 2153 824 2204 zinci
850 2151 915 2220 dr.j

27 2257 81 2306 squ.
99 2257 231 2291 commun.
250 2238 312 2290 dest.
333 2257 392 2291 unc.
410 2239 442 2306 Vj
462 2240 531 2293 meli.
549 2239 621 2292 crud.
641 2258 700 2294 uuo.
716 2242 734 2305 j.
762 2239 798 2292 Os
815 2256 845 2291 ea
862 2229 916 2290 coi-

26 2327 120 2392 luitur,
140 2327 223 2378 donec
238 2344 341 2389 mucus,
363 2345 414 2398 quo
428 2325 539 2396 aphthae
552 2337 740 2395 conteguntur,
760 2327 914 2396 detergatur.

28 2415 196 2467 Antidotum.-
215 2401 293 2484 ssposs
315 2416 427 2467 conchae
444 2419 609 2486 praeparatae
629 2415 731 2486 (Lupe.
750 2415 852 2470 Summi.
871 2435 917 2468 su·

27 2499 79 2550 seri.
98 2499 167 2552 Abh.
185 2500 260 2570 f.,pr.
281 2503 310 2552 t.
328 2499 398 2564 Vll,
417 2520 443 2568 p.
466 2503 511 2557 138
525 2507 547 2566 )·
574 2503 777 2573 Decomponitur
801 2504 914 2556 calceet

26 2591 166 2654 magnesia,
183 2577 284 2660 potasse
301 2597 328 2642 et
340 2571 419 2655 ‘eodm
439 2591 531 2646 soetite
547 2591 647 2660 plumbi
664 2599 691 2646 et
708 2591 836 2661 principio
854 2609 912 2659 scy-

29 2677 168 2746 todophico.

711 2772 729 2806 «4
