2338 4144
284 229 352 324 146
528 258 534 262 ·
656 259 801 308 surarum

259 372 402 424 ustionem
418 371 732 444 humorumperrersam‘
750 377 790 430 iu.
805 374 889 438 canali
916 373 1050 430 inuuunt
1070 371 1131 424 contr

255 469 338 514 nuato
356 479 403 514 usu
422 463 518 534 tartrit.
536 471 630 532 putass.
649 463 749 522 stihiat.
764 481 823 516 ‘non
836 463 920 517 sulum
933 463 1010 527 oriri,
1027 469 1054 514 ut
1068 459 1133 530 patuit

259 567 291 602 er
308 549 483 604 foetidissimo.
493 549 572 604 odore
589 560 815 605 excrementorum
833 552 863 604 iis
877 551 969 604 diebus
981 549 1133 610 manifestato,

259 639 354 711 quibus
372 657 428 692 eam
448 639 642 707 adhibuerunt,
660 641 706 694 sed
722 642 866 696 coctionem
879 659 985 712 quoque
999 638 1135 694 etcusinin

224 789 226 794 Ι
260 729 357 782 morbis
375 729 493 782 detineri.
513 729 624 792 (Journ.
643 729 675 782 de
692 730 790 784 medec.
809 729 893 794 tull.
912 749 937 799 p.
958 729 1006 799 274
1018 733 1039 789 ).
1055 725 1136 778 Metisc-

262 817 310 868 dus
327 825 454 872 tartarum
471 818 610 872 emeticum
628 819 776 888 porrigendi
785 854 793 884 ,
813 835 891 888 quam
905 836 938 870 en
951 819 1037 886 lavage
1049 816 1136 878 dicunt,

260 905 339 958 hodie
356 905 414 959 ideo
431 908 525 964 merito
543 908 700 976 negligitur,
717 926 777 958 nam
796 917 825 960 ut
842 917 941 960 taceam
951 913 964 972 ‚'
980 925 1064 974 aegros
1078 907 1148 988 longop

261 995 378 1048 cruciatu
396 993 481 1060 affici,
499 995 543 1046 illa
560 1013 613 1047 non
631 996 706 1066 plane
723 999 835 1050 innocua
851 997 939 1066 putari
965 1005 1054 1066 potest.
1076 993 1148 1084 Dositp

260 1097 300 1147 gr.
316 1080 402 1146 jt-jv.
422 1081 531 1132 lilaniaci
549 1081 683 1150 perferunt
701 1101 779 1150 grana
797 1083 886 1134 decem
912 1090 939 1134 et
956 1084 1045 1152 plura,
1069 1082 1101 1132 uti
1115 1089 1148 1130 ul

259 1169 314 1220 eliis
333 1169 517 1226 evacuantibus
535 1170 632 1238 pariter
644 1172 766 1238 majorem
780 1171 854 1222 dosin
867 1172 921 1225 siue
935 1190 1004 1224 noua
1017 1177 1148 1222 assumunt}

258 1257 362 1310 Saturio
377 1257 474 1312 tartari
485 1259 600 1322 emetiri,
619 1259 649 1310 R.
664 1259 759 1310 tartrit.
774 1267 867 1326 putass.
881 1257 978 1313 stibiat.
994 1278 1030 1326 gr.
1043 1258 1075 1324 jV
1087 1257 1148 1307 solra

220 1373 222 1378 .
254 1345 282 1394 iu
299 1361 359 1414 aqu.
386 1361 516 1396 commun.
539 1344 604 1397 dest.
629 1363 687 1398 unc.
709 1349 743 1412 jjj.
768 1347 870 1397 Dentur
895 1349 967 1398 omni
991 1339 1148 1416 quadrihoriui

244 1431 338 1484 cochl.
355 1435 372 1498 jj
391 1431 473 1483 donec
491 1432 604 1484 vomitus
620 1433 768 1501 prorumpit
785 1432 907 1498 biliosus,
925 1443 990 1502 potu
1009 1434 1084 1484 infusi
1094 1433 1148 1490 lior„

254 1521 411 1572 chamomill.
429 1507 512 1590 tepidi
528 1521 726 1590 promovendus.
745 1521 848 1574 Salutio
868 1522 967 1574 tartari
992 1521 1090 1572 emerici
1100 1536 1148 1588 pru

255 1626 305 1660 usu
322 1622 437 1662 extento.
458 1610 487 1662 R.
507 1611 601 1662 tartrit
630 1618 745 1678 potassae
770 1609 888 1662 stibiatae
907 1609 972 1677 dr.j
1000 1611 1084 1680 spirit.
1099 1610 1148 1674 ring

252 1695 412 1766 camphorat.
431 1715 490 1750 unc.
510 1697 530 1768 β
548 1715 609 1767 aqu.
627 1697 717 1750 servid.
736 1697 796 1748 libr.
813 1699 820 1762 j
842 1696 1031 1764 (Goodwyrr).
1051 1696 1136 1765 Empla-

254 1797 337 1836 strum
352 1785 466 1839 caruisti
477 1798 577 1852 potuss.
591 1787 726 1852 stibiutue,
741 1787 771 1838 ll.
785 1787 955 1838 cerat.·resin.
970 1786 1040 1854 pini,
1059 1784 1135 1838 tatuit

248 1882 342 1942 potass.
356 1873 452 1926 stibiat.
466 1890 514 1924 ana
528 1893 553 1944 q.
567 1893 587 1925 s.
602 1874 694 1926 Cerato
707 1875 807 1944 liquato
821 1884 848 1926 et
861 1875 924 1926 semi
938 1874 1088 1942 refrigerato
1098 1873 1136 1939 agi·

249 1961 330 2014 tando
345 1963 519 2016 immisceatur
532 1965 621 2014 turtris
634 1965 712 2024 dicta.
731 1964 787 2016 Hoc
800 1963 968 2032 emplastrum
982 1973 1009 2016 et
1021 1962 1135 2032 peculiare

252 2051 319 2102 cutis
337 2052 527 2106 irritamentum
545 2061 572 2106 ct
590 2055 734 2122 proficuum
749 2054 889 2106 multifaria
905 2055 1067 2124 experientia
1082 2069 1139 2104 com·

252 2137 393 2207 probatum
411 2139 502 2192 habeo.
522 2141 668 2194 infantibus
685 2143 821 2200 scarlatina
839 2141 936 2204 affectis
948 2142 1053 2196 nuchae
1070 2143 1138 2210 impo-

250 2244 314 2280 nere
331 2245 391 2280 raro
408 2229 562 2280 intermitto.
580 2230 645 2280 Cum
663 2231 723 2300 cpio
736 2231 851 2290 ‚miiitum
876 2239 904 2283 et
920 2231 1038 2282 articulis
1060 2230 1138 2282 dolen·

249 2316 325 2378 tibus,
337 2318 554 2370 circumvolutum
573 2304 710 2390 aliquoties
728 2319 900 2372 rheumaticos
912 2318 1016 2371 dolores
1028 2313 1136 2370 titium

249 2403 380 2456 diminuit.
394 2406 558 2474 Unguentum
572 2407 687 2461 tartritis
698 2420 819 2476 putasses
832 2408 962 2470 stibr'atae,
979 2407 1010 2458 R.
1024 2414 1136 2472 unguent.

248 2494 317 2544 cerei
335 2511 354 2546 s.
373 2494 456 2562 simpl.
474 2513 534 2546 unc.
551 2498 559 2563 j
578 2497 674 2548 tartrit.
692 2505 785 2565 potass.
804 2496 900 2548 stibiat.
925 2495 965 2548 dr.
982 2494 1029 2565 juo.
1050 2499 1136 2546 Anteri-

247 2582 347 2635 rierhus
364 2584 462 2652 optimo
479 2587 535 2650 jure
561 2584 611 2636 hoc
628 2592 789 2651 unguentum
813 2585 870 2636 loco
893 2584 1032 2636 solutionis
1055 2582 1134 2633 tartari

246 2673 349 2724 emetiri
367 2671 537 2724 infricandum
555 2683 637 2725 curat.
657 2675 715 2742 Ejus
740 2681 878 2735 assertum,
902 2671 975 2741 qttod
1002 2672 1093 2724 eximie
1112 2671 1135 2721 in

247 2761 359 2814 sananda
377 2763 440 2813 tussi
458 2762 605 2814 convulsiva
624 2763 752 2814 infantum
770 2764 869 2831 prosit,
885 2760 1048 2812 'verissimum
1072 2775 1135 2822 esse,

230 2849 350 2917 ‘propria
368 2850 526 2917 experientia
540 2851 687 2901 confirmor.
707 2849 759 2900 Ter
773 2849 804 2900 de
818 2848 859 2898 die
873 2848 1005 2899 illiceatur
1020 2847 1138 2914 unguenti

243 2937 331 3005 portio
349 2937 524 3004 magnitudine
549 2939 622 2990 nucis
648 2939 779 2990 avellanae
805 2938 951 2990 scrobiculo
978 2936 1077 2999 cordis,
1100 2941 1140 2986 aut

243 3023 345 3091 potius,
364 3032 394 3074 ut
412 3023 473 3074 mihi
490 3023 594 3076 videtur
611 3025 726 3092 regioni,
744 3041 796 3094 qua
815 3023 920 3076 ultimae
939 3031 1026 3074 costae
1053 3021 1140 3074 decur-

244 3121 321 3178 runt,
339 3127 421 3182 usque
439 3111 472 3162 ad
489 3113 636 3182 progeniem
654 3112 817 3181 pustularum
831 3110 1000 3163 ‹lolorificam
1020 3109 1090 3162 Oriri
1103 3125 1140 3160 so·

243 3201 300 3254 lent
317 3201 435 3270 pustulae
452 3218 505 3253 nou
523 3201 606 3254 solum
625 3203 651 3252 iu
668 3201 727 3253 loco
748 3199 854 3265 fricato,
872 3199 1014 3252 sedetiam
1039 3199 1074 3250 nd
1094 3213 1140 3267 pu·

244 3286 344 3354 denda;
362 3285 411 3340 hae
427 3296 514 3340 autem
532 3305 586 3363 non
602 3285 725 3356 peculiari
749 3301 892 3349 consensu,
921 3293 951 3339 ut
976 3286 1062 3338 visum
1087 3293 1139 3345 cet,

245 3377 404 3446 prosiliunt,
430 3375 474 3429 sed
499 3376 616 3446 partibus
632 3373 698 3426 salis
716 3374 839 3426 metallici
861 3391 892 3428 ex
918 3381 1054 3441 unguento
1079 3374 1142 3426 inter

245 3461 394 3516 frictionem
410 3464 532 3534 separatis
544 3473 572 3518 et
586 3461 694 3532 delapsis
706 3461 897 3531 producuntur.
916 3461 1055 3516 Evitentur
1069 3461 1143 3529 igitur
