2338 4144
246 235 315 336 174
366 257 488 306 sonus.
505 255 628 318 nouos.
646 258 689 304 er
706 255 826 307 ¹steen.
847 255 1040 308 rusersstr.

268 372 330 422 uu.
349 371 407 439 469.
428 374 509 423 cem.
529 343 777 439 steatomatis,
792 373 860 442 gall.
878 371 961 424 oues
980 373 1018 426 ue
1031 379 1141 430 soma

240 459 302 512 oerf.
320 459 357 510 Ex
382 460 497 512 centenis
514 459 631 528 partibus
652 476 732 512 cornu
758 462 829 514 cervi
854 469 987 514 eruuntur
1016 465 1143 530 gelatinas

238 567 265 616 p.
283 565 327 618 27,
344 547 492 618 phospbatis
510 547 586 600 caleis
603 549 812 616 57‚5,carbouat.
830 549 905 600 calcis
927 566 949 614 1,
970 559 1062 621 atque
1078 552 1145 606 elissi-

235 645 332 704 pantur
348 655 374 707 p.
397 636 460 702 145.
480 635 566 705 Quam
584 637 694 687 maxime
712 635 840 706 discrepat
857 639 992 707 quantitas
1018 642 1147 708 gelatinae

234 727 263 774 in
280 723 378 774 ossibus
396 724 528 776 variorum
541 724 697 775 animalium.
715 725 824 776 lusculo
837 742 870 776 ex
882 743 960 778 carne
974 727 1093 782 bubula
1110 749 1145 783 co·

234 821 277 864 cto
290 807 322 863 eri
335 811 394 863 libr.
406 815 423 879 jj
437 811 531 862 ossium
546 829 612 880 quae
625 819 790 880 supererant,
804 813 998 866 extruebantnr
1013 822 1145 888 axungiae
1162 873 1163 886 ἶ

233 918 291 951 une
306 901 377 973 Vjp,
393 901 518 968 gelatinae
535 901 592 951 sice.
608 917 665 951 unc.
679 903 704 968 jjj
718 909 744 952 et
758 901 797 953 dr.
810 902 866 972 ij
884 903 1081 972 (Schradw).
1102 911 1144 959 Vis
1162 893 1163 948 l

229 986 341 1052 gelatina
354 1004 435 1040 cornu
452 985 522 1037 cervi
539 985 623 1039 nutrit
640 993 667 1036 et
684 985 777 1037 reficit.
799 987 867 1038 Usus
885 989 912 1040 in
930 989 997 1041 tabe
1017 1010 1089 1044 cum
1110 997 1146 1046 vel

229 1075 284 1125 sine
309 1071 435 1127 visoe'rum
453 1071 653 1140 depravatione,
672 1074 855 1142 suppuratione
873 1075 997 1126 ulcerum
1018 1083 1143 1142 enormi,

229 1163 310 1213 macie
323 1161 405 1212 febres
418 1161 533 1212 insecuta
549 1169 576 1212 et
588 1160 720 1230 profluviis
733 1162 859 1228 sanguinis
873 1163 967 1214 nimiis.
985 1164 1145 1236 Aliquando

226 1257 328 1318 gratum
346 1266 449 1314 aroma,
475 1257 505 1299 ut
530 1249 739 1314 cinnamomum,
763 1258 852 1322 cortex
878 1251 953 1316 citri,
984 1253 1144 1326 similesque

227 1339 354 1405 gelatinae
371 1355 452 1388 cornu
477 1336 546 1389 cervi
572 1335 631 1386 addi
656 1345 771 1405 possunt.
793 1365 828 1378 -
843 1335 903 1388 Vid.
929 1338 1088 1405 gelatinam
1119 1361 1145 1396 ex

225 1426 400 1493 ichthyocolla
417 1427 444 1476 in
469 1433 525 1477 not.
544 1425 603 1492 327.
629 1455 661 1468 -
686 1425 804 1476 Tabulae
827 1443 877 1496 pro
895 1427 1027 1494 jusculis
1047 1435 1143 1482 camis

227 1513 483 1574 (Bouillontafelu).
501 1512 531 1564 R.
550 1509 720 1580 quadrantem
738 1510 811 1562 bovis
829 1519 856 1562 et
872 1511 983 1564 vitulae.
1010 1515 1089 1569 Caro
1113 1520 1163 1569 la..

226 1607 286 1650 vata
304 1600 374 1668 prius
392 1599 540 1652 dissecetur.
559 1599 694 1650 Addantnr
711 1616 782 1650 corn.
796 1616 864 1652 cerv.
882 1599 942 1651 libr.
957 1615 996 1652 no
1012 1612 1044 1656 et
1060 1623 1147 1676 aqam

227 1687 321 1738 situlae
339 1694 458 1755 quatuor.
477 1687 638 1760 Vaseltecto
662 1695 789 1755 coquatur
807 1703 881 1750 caro,
906 1686 994 1738 donec
1021 1691 1061 1742 ab
1083 1697 1146 1746 ossi-

226 1775 275 1825 hus
294 1775 411 1840 secedat,
437 1783 515 1845 atque
533 1775 596 1848 dein,
611 1775 711 1826 concisa
729 1777 800 1844 prelo
827 1775 910 1826 ferreo
936 1780 1143 1834 committatur.

226 1861 294 1914 Sevo
313 1883 328 1914 a
346 1881 421 1915 succo
440 1865 536 1928 carnis,
555 1864 600 1932 qui
617 1861 703 1914 cribro
730 1853 845 1931 capillari
869 1862 1045 1931 defaecatur,
1067 1887 1144 1939 sepa.

226 1961 302 2020 rato,
323 1955 359 2004 sal
378 1953 481 2004 additur
499 1959 525 2003 et
542 1953 632 2021 piper,
652 1960 729 2022 atque
746 1953 800 2020 ipse
817 1969 907 2003 suocus
925 1970 1014 2020 usque
1033 1957 1074 2007 ad
1102 1978 1146 2025 ge·

223 2044 330 2096 lesinam
351 2042 507 2110 inspissatur.
527 2039 619 2092 Calore
636 2058 668 2091 ex
686 2037 791 2090 dimidio
810 2039 954 2104 diminuto,
980 2041 1145 2098 effunditur

225 2131 335 2195 gelatiua
352 2131 380 2180 in
397 2147 455 2183 vasa
473 2129 608 2180 altitudine
625 2129 704 2179 trium
722 2129 764 2180 vel
782 2136 894 2196 quatuor
907 2127 1081 2196 digitorum,
1104 2144 1143 2186 at.

225 2235 276 2285 que
295 2235 326 2268 ex
344 2217 495 2284 refrigerata
510 2225 536 2268 et
553 2217 581 2267 in
594 2215 670 2268 furno
683 2215 783 2268 modice
796 2215 918 2271 calefamo
932 2217 1074 2270 exsiccata
1088 2223 1144 2274 for·

226 2315 330 2356 tuentur
347 2303 451 2356 tabulae
469 2323 527 2356 unc.
545 2308 553 2373 j
571 2311 597 2355 et
614 2307 630 2371 jj
649 2303 764 2355 incadis
782 2303 957 2375 reservandae.
976 2305 1027 2358 Fit
1045 2312 1143 2374 juscu-

226 2395 282 2443 lum
291 2402 425 2462 tenuepro
434 2391 539 2459 singulis
552 2391 632 2460 aegris
646 2407 678 2442 ex
690 2390 779 2443 tabula
793 2408 853 2456 una,
863 2407 896 2441 ex
903 2390 984 2458 magis
1000 2397 1142 2448 nutribite

222 2499 254 2530 cx
272 2479 365 2530 tabulis
383 2479 481 2531 duabus
494 2497 541 2546 pro
555 2478 620 2530 sanis
633 2485 660 2529 et
673 2471 910 2529 convalescentibus
929 2479 1139 2544 (commetes).

225 2567 342 2617 Tabulae
353 2564 526 2634 projuseulis
540 2564 631 2614 earnis
644 2564 729 2628 aliae,
745 2563 774 2612 h.
787 2561 881 2632 pedum
896 2563 1001 2613 vitulin.
1017 2565 1086 2618 libr.
1096 2570 1139 2634 ij

225 2654 308 2704 satiris
326 2653 406 2704 femor
422 2650 514 2702 bubul.
532 2649 590 2701 libr.
608 2652 625 2716 jj
644 2667 713 2702 carn.
732 2650 834 2702 vitulin.
852 2647 951 2700 tibux
968 2667 1044 2704 carn.
1073 2673 1143 2708 ver.

135 2783 136 2788 ,
226 2742 308 2793 vecin.
326 2739 385 2792 libr.
403 2739 455 2806 jX3
474 2755 532 2788 caro
551 2738 651 2788 concisa
670 2755 746 2805 coqu.
771 2735 872 2787 modico
890 2737 990 2802 ignee
1018 2755 1087 2808 aqu.
1107 2763 1140 2812 q,

141 2821 143 2829 '
225 2848 244 2877 s.
264 2827 321 2876 Rite
339 2825 505 2892 despumetur
523 2823 673 2888 decoctum,
691 2830 769 2892 atque
785 2837 845 2872 cum
862 2821 1031 2890 expressione
1056 2829 1140 2879 cole-

224 2923 277 2964 tur.
296 2910 406 2962 Residuo
424 2909 518 2960 iterum
536 2918 610 2960 cocto
628 2908 740 2978 liquores
758 2909 835 2959 colati
861 2907 1030 2962 misceantur.
1059 2912 1139 2966 Sero

224 3001 326 3064 ablato,
344 2999 519 3065 refrigeratum
538 2996 673 3049 decoctum
692 2993 824 3047 albumine
848 3013 891 3046 sex
909 3012 1022 3048 ovorum
1047 2999 1140 3052 clari-

222 3089 332 3154 ficetur,
351 3095 377 3138 et
394 3087 519 3138 filtratum
537 3103 617 3155 usque
642 3084 674 3134 ad
695 3083 830 3150 gelatinam
848 3092 1014 3150 evaporatur.
1033 3083 1136 3138 Tabu-

221 3179 263 3229 lae
280 3177 402 3236 siccatae,
422 3190 488 3242 quae
505 3191 537 3224 ex
554 3189 634 3228 massa
650 3171 811 3235 formantur,
828 3169 1007 3222 immittantur
1025 3189 1134 3243 capsu-

223 3265 256 3315 lis
273 3263 423 3316 salaminis
440 3261 544 3327 ferreis,
563 3267 608 3311 aut
623 3259 698 3312 vitris
716 3258 899 3322 (Parmentier
909 3261 934 3320 t.
953 3259 1068 3330 Juspula
1096 3279 1136 3314 ex

223 3367 299 3402 carne
316 3349 413 3402 recenti
431 3347 536 3418 quidem
561 3345 717 3414 gratitudine
742 3344 901 3396 reiboillante
926 3347 1031 3412 pollent
1058 3367 1133 3414 pane

223 3439 328 3502 jusculis
345 3456 377 3490 es
390 3437 428 3486 his
442 3435 552 3500 tabulis,
570 3433 735 3486 nihilominus
748 3431 796 3486 hae
808 3449 898 3486 eorum
910 3434 981 3488 vinee
995 3437 1131 3504 supplent
