2338 4144
106 315 240 363 SOLUT.
262 317 306 364 ott
328 314 454 362 VEGET.
474 310 555 374 nQu
575 311 621 358 ET
636 307 753 358 SACCH·
774 305 824 354 Hs.
866 307 927 380 171

50 430 236 512 Digeratur
257 429 397 510 Zirigiber
416 427 454 488 in'
468 449 547 508 aqua
567 425 660 486 calido
687 427 717 484 in
738 441 808 484 vase
828 420 930 482 clauso

2 531 105 590 horas
133 528 244 609 viginti
266 541 403 609 quatuor.
438 529 561 608 Liquori
590 527 687 586 colato
718 534 748 583 et
777 520 929 582 defaecato

23 632 153 690 dmisce
178 631 359 690 saccharum
380 640 410 689 et
430 630 531 710 redige
551 627 583 686 in
605 627 764 708 Syruputn.

31 771 106 823 Not.
129 769 198 836 464.
228 768 344 838 Syrupus
372 768 506 836 zingiberis
528 768 625 836 optimc
643 740 798 818 admiscetur
818 763 930 820 decoctis

6 884 30 905 «ι
50 861 110 910 aris
133 866 166 909 et
186 855 297 908 decocto
316 863 390 919 cort„
399 855 541 926 petaviani.

36 1064 317 1138 ourionis
343 1062 557 1154 Aooosnn
573 1025 636 1136 nr
657 1063 930 1138 sicciunun

225 1193 229 1202 ·
341 1203 631 1278 usrrssnrrn.
924 1197 928 1204 ·

402 1345 551 1380 ἰι-*ιι-

290 1511 361 1584 Ron
388 1537 431 1584 ιτ
457 1512 672 1584 Gsnnrrnrn.

163 1707 362 1768 REGULAE
384 1709 467 1769 PRO
489 1710 680 1770 PARANDO
703 1710 793 1772 ROB.

56 1895 84 1932 r.
109 1871 255 1930 Fructus
275 1870 457 1951 succulenti,
481 1874 608 1951 maturi,
638 1870 675 1932 ab
696 1869 797 1931 alienis
818 1871 929 1932 adhae-

12 1971 162 2031 rentibus
188 1979 277 2028 antea
297 1969 436 2050 liberati,
469 1990 485 2030 e
512 1973 617 2052 quibus
638 1970 704 2032 Rob
726 1984 870 2052 paratur,
898 1969 929 2030 in
1042 2043 1046 2056 Ι

13 2070 172 2132 mortario
195 2068 313 2150 lapideo
336 2070 432 2152 pistilli
453 2093 508 2154 ope
522 2072 554 2132 in
568 2072 682 2153 pultem
697 2071 929 2132 contundantur.

54 2195 86 2231 α.
113 2171 184 2229 Pro
208 2172 284 2227 varia
306 2171 404 2232 indole
435 2192 501 2230 curn
525 2193 614 2253 porca
634 2191 729 2253 aquae
750 2174 834 2254 copia
855 2171 930 2232 leni·

8 2281 56 2328 ter
79 2264 240 2350 ebulliant
259 2264 290 2326 in
310 2290 381 2330 vase
402 2283 507 2330 stanno
529 2269 622 2350 probe
644 2269 786 2330 obducto,

52 2372 84 2428 3.
114 2365 305 2424 Triturando
327 2367 365 2426 ad
385 2367 515 2427 cribrum
536 2369 646 2429 humor
666 2368 795 2451 primuni
810 2392 927 2454 separa·

11 2481 84 2544 tur,
124 2486 161 2524 ac
186 2463 253 2523 dein
274 2467 357 2546 prelo
377 2467 510 2529 eliciatur
531 2472 609 2529 succi
630 2468 804 2552 reliquum,
836 2471 926 2555 priori

12 2564 264 2627 admiscendum.
713 2643 717 2650 .

53 2671 86 2744 4.
114 2666 240 2726 Humor
260 2663 363 2726 addito
384 2668 524 2728 saccharo
545 2668 682 2749 ebulliat,
706 2671 849 2732 continuo
864 2675 926 2756 agi·

13 2785 98 2830 tetur
123 2787 161 2826 ac
185 2765 399 2849 despumetur,
432 2767 526 2830 donec
552 2761 683 2830 debitam
704 2770 922 2854 spissitudinem

14 2863 239 2950 acquisiverit,
261 2878 296 2926 ut
315 2868 503 2950 refrigeratus
523 2868 554 2930 iu
575 2871 642 2931 Rob
664 2884 844 2934 concrescat.

290 3047 419 3129 rroo
440 3050 655 3128 Junrrnnr.
701 3123 704 3135 ¹

55 3213 142 3270 Hac.
166 3207 340 3296 Baccarum
359 3210 507 3290 rJrun'pcri
534 3228 746 3296 iacturarum,
770 3197 923 3298 'boantum

210 3307 353 3368 volueris.
603 3309 619 3324 ⁶

56 3421 185 3478 Baccae
205 3409 366 3497 in'pulrem
386 3434 549 3498 contusae,
576 3423 680 3485 addita
700 3442 802 3507 αᾳιιαε·
821 3427 923 3492 debito

15 3518 210 3594 quantitate,
231 3533 399 3599 coquantur
416 3542 473 3602 per
493 3520 600 3586 horam
621 3523 921 3592 dimidiationem
