2348 4146
443 297 549 350 scint
762 291 768 304 ·
898 299 940 348 21
1024 267 1041 290 ““

66 416 166 474 co'e'unt.
186 415 228 474 lta
250 433 341 496 perge
363 413 560 490 destinando„
575 411 719 496 quamdiu
734 409 868 474 diseretis
881 424 948 493 gnt-

68 511 125 572 tuiis
141 517 297 596 majoribus
317 515 397 576 colio
418 527 547 576 retortae
569 513 714 596 liquidnm
735 512 793 574 hoc
823 533 853 574 se
879 510 947 574 affi-

66 616 106 692 git.
118 618 192 696 Ange
208 613 320 676 sensim
335 617 446 695 ignem,
460 619 548 674 etiam
565 615 602 676 ad
614 611 819 676 ebullitionem
834 633 944 694 usqum

62 725 106 786 et,
123 713 344 796 quamprimum
371 714 459 776 striae
480 715 572 778 oleosi
601 714 719 774 habitus
749 712 787 774 ad
817 724 947 794 retortae

59 812 149 873 sociem
163 817 333 888 internam,
354 829 386 876 et
397 836 522 897 vapores
536 814 595 876 albi
610 811 761 875 densiores
776 833 830 896 per
845 824 943 876 toturn

58 927 222 994 apparatum
253 914 472 994 observantur,
500 914 580 974 aliud
611 931 728 996 eppone
758 912 946 995 excipulum,

58 1008 129 1089 pn'us
148 1011 348 1089 calefactum,
370 1011 506 1094 lenteque
527 1011 660 1083 destina,
686 1025 720 1072 ut
740 1011 801 1072 sere
821 1009 948 1092 quavis,

54 1129 137 1189 quam
157 1122 284 1184 vocant,
304 1112 435 1172 minutae
454 1113 547 1172 horae
568 1113 659 1192 pertis
680 1109 845 1192 quadrante
866 1096 963 1192 gutte¹

55 1207 225 1288 descendet,
258 1209 354 1270 donec
375 1210 445 1270 nulii
475 1229 601 1292 vapores
628 1210 785 1292 prodeant.
812 1212 949 1290 Liquor,

37 1309 98 1388 ¹qni
114 1309 246 1370 secundo
261 1305 399 1390 excipulo
413 1305 599 1384 continetur,
613 1309 731 1370 acidum
745 1307 946 1390 sulphuricum

52 1429 153 1487 purum
174 1421 236 1488 est,
257 1422 291 1470 et
311 1429 378 1470 sese
400 1414 518 1490 vitreo,
540 1409 683 1492 operculo
704 1406 798 1469 vitreo
811 1409 948 1470 niunden·
995 1429 998 1436 ·

52 1507 107 1583 do,
126 1522 278 1572 servetur.

76 1669 135 1722 Not.
153 1669 212 1734 343.
233 1671 321 1723 Germ.
339 1669 420 1722 Reine
434 1669 650 1738 Schwefelsiiure‚
663 1669 728 1744 belg.
741 1669 824 1722 reines
838 1669 949 1724 Zwavcl-

55 1773 129 1822 suns,
146 1747 225 1827 angl(
242 1758 312 1810 Pure
329 1757 385 1810 eoid
399 1757 430 1810 os
438 1757 563 1830 sulphur,
579 1759 645 1828 gall.
658 1759 731 1810 aeide
743 1757 885 1828 suliuriqne
899 1775 949 1828 po·
964 1823 967 1832 1

54 1860 95 1908 re,
108 1845 163 1898 ital.
178 1843 370 1897 Ossisolsurico.
384 1843 535 1911 Nemetas,
550 1864 593 1896 ves
606 1845 795 1916 disrumpendi,
810 1854 949 1914 angeatur,

55 1938 82 1980 nt
97 1932 248 1983 rectificatio
267 1948 327 1982 cum
352 1929 445 1983 minori
463 1931 607 2001 quantitate
632 1932 700 1984 acidi
726 1931 822 1986 venalis
847 1931 947 1982 scilicet

29 2029 107 2076 ‘cum
123 2035 182 2071 isne.
200 2017 312 2084 ijj-xjj
331 2015 447 2086 quelibet
464 2003 699 2084 vioe'instituatur,
719 2018 860 2070 suaderem.
879 2013 951 2070 Pon-

57 2103 100 2154 dus
115 2105 267 2174 specificum
285 2104 351 2156 scidi
369 2103 509 2174 sulphur-ici
527 2108 587 2174 pu'ri
600 2116 642 2158 cst
661 2122 754 2172 n,ooo:
784 2123 866 2171 r‚ooo.
897 2107 922 2156 V
924 2108 946 2158 is

55 2195 206 2245 concentsati
220 2191 376 2260 corrodens3
391 2191 466 2244 diluti
479 2193 638 2264 analeptica,
652 2195 819 2265 entiscpticu,
833 2195 946 2247 adstrin-

56 2293 118 2343 gens.
133 2280 300 2340 Antidotum.
318 2279 397 2347 Quod
410 2280 431 2331 si
443 2297 539 2350 purum
551 2281 651 2333 incuria
669 2290 715 2335 eut
728 2299 832 2348 errore,
851 2290 880 2334 nt
893 2282 947 2352 ipse

57 2367 197 2434 exemplum
212 2365 285 2432 virli,
303 2366 405 2436 copiose
417 2365 538 2420 haustum
557 2368 652 2436 suerit,
674 2369 805 2422 leniuntur
825 2369 947 2422 citissime

57 2458 134 2518 partes
146 2454 295 2504 excoriatae
307 2461 370 2522 potu
385 2470 466 2524 equae
478 2462 632 2524 superstites,
650 2465 696 2506 ant
709 2457 798 2508 melius
812 2473 879 2526 aqua
892 2474 948 2510 seo·

58 2535 151 2590 timia
168 2559 231 2592 cum
249 2541 383 2608 magnesia.
393 2542 488 2608 mixte,
507 2559 566 2593 nam
579 2543 715 2610 potulenta
727 2545 908 2612 mucilaginosa
921 2552 949 2596 ct

60 2625 134 2678 oleoss
151 2647 247 2698 parvae
264 2629 307 2681 vel
324 2629 420 2682 nullius
438 2639 498 2682 sont
516 2631 646 2684 utilitatis.
1016 2617 1018 2624 Ι

97 2830 118 2914 †
138 2835 323 2898 ACIDUM
340 2835 669 2900 sermonicum
687 2835 909 2901 ortorum.

134 2991 512 3068 rcrnusrrrrmosrcou
532 2993 690 3068 arturius.
711 3025 862 3070 serarius
958 3027 963 3036 ·

103 3099 106 3107 '
426 3123 584 3166 rrrmorr.

98 3261 170 3324 lite.
193 3265 287 3324 Act'dr'
306 3267 473 3346 sttlpkurics'
490 3266 565 3346 puri
579 3281 700 3346 partem
722 3285 825 3326 unam.

189 3371 299 3445 Aquae
318 3364 487 3446 depuratus
505 3377 610 3444 partes
628 3385 694 3426 sex.

120 3504 248 3570 Acidum
268 3525 367 3590 aquae
384 3528 443 3590 per
463 3507 539 3568 uices
558 3521 587 3568 et
606 3510 716 3570 sensim
737 3507 879 3590 affunde.

738 3811 750 3840 l
