2348 4146
356 348 632 402 COMBUSTlBlle
920 351 949 426 9

48 465 153 532 modus,
169 465 210 537 qui
228 465 272 519 hic
289 465 428 534 laudatur,
446 468 491 520 rix
508 467 538 520 dt
554 467 609 520 uine
627 465 766 536 digitorum
782 463 896 518 laesione
913 471 942 518 et
976 455 979 464 ’

51 555 182 624 phosphori
200 561 309 622 jactura.
328 557 355 607 Si
372 564 553 625 praeparatum
575 555 750 624 phosphorum
768 570 836 606 nora
853 553 944 606 destil-

49 641 140 695 latione
157 643 302 712 depurgare
319 643 403 708 nolis,
428 643 512 694 saltim
530 642 611 694 linteo
635 657 694 694 eum
711 640 844 706 includas,
871 639 943 710 quod

46 745 125 782 massa
141 730 289 800 ponderosa
311 729 336 782 ei
360 729 479 799 impositu
504 730 552 782 rob
577 747 643 800 aqua
669 738 807 795 oneratur,
834 737 879 782 aut
896 731 946 782 irn-

45 818 130 870 mittas
147 817 327 888 phosphorum
344 816 508 870 infundibulo
530 818 615 871 vitreo
639 835 698 870 cum
724 816 818 869 tubulu
843 815 945 884 longo,
1007 821 1014 835 '
1088 821 1091 830 '

45 905 157 958 crassitie
184 905 284 974 uliquot
307 904 433 956 linearum
458 914 486 957 et
510 905 642 958 obturato.
668 904 759 958 Sordes
782 903 948 973 superficiem

46 999 153 1061 petunt,
184 991 348 1062 phosphorus
370 991 495 1058 luridum,
522 992 687 1045 inlondihulo
712 1009 778 1062 aqua
803 991 947 1045 ebulliente

45 1081 133 1133 allnto.
151 1081 297 1139 Resecetur
313 1081 429 1150 superior
452 1079 592 1149 phosphori
618 1097 694 1151 pars,
719 1088 855 1149 postquam
872 1097 940 1150 aqua

45 1171 143 1238 penitus
162 1159 277 1222 refrixit.
298 1168 361 1220 Vis:
381 1169 484 1220 Summe
502 1170 631 1235 excitans,
657 1169 816 1234 exhilarans,
840 1167 888 1220 rub
905 1169 949 1220 in·

51 1266 176 1309 nemenio
196 1256 303 1321 coloris,
322 1256 440 1309 adorem.
467 1255 559 1323 Magna
582 1256 638 1308 dosi
654 1265 739 1308 sumta
759 1257 832 1308 urina
850 1255 948 1323 rubet,

50 1350 73 1395 rt
86 1346 206 1414 pruritus
225 1344 258 1394 ad
275 1345 374 1396 coitum
391 1344 506 1404 exoritur
524 1347 654 1411 <Lei-oy).
683 1344 751 1394 Usus
767 1343 947 1412 praecipuus:

46 1431 72 1482 in
86 1451 192 1484 summa
209 1425 304 1485 viriuin
322 1433 507 1502 prostratione,
525 1449 592 1503 quae
610 1450 625 1483 a
642 1430 756 1482 febribus
774 1431 890 1498 malignis
906 1429 947 1484 el·

47 1515 129 1572 fieriu
156 1527 187 1571 er
213 1517 333 1587 pirarysr.
359 1517 527 1582 anienis,
555 1517 600 1586 qur
625 1503 695 1568 iaie?
718 1519 815 1586 pum,
840 1516 948 1587 copiose

46 1607 225 1679 phosphorum
243 1605 368 1670 confecit,
386 1606 413 1656 in
430 1605 516 1674 pilulis
533 1608 584 1671 jorn
602 1619 632 1656 eo
651 1605 690 1656 uti
708 1623 783 1656 ausus
801 1613 856 1670 est,
884 1621 952 1674 qnos

48 1697 146 1763 pilulas
148 1697 325 1765 flammantes
343 1693 481 1744 mirabiles
490 1693 641 1745 nominarit.
656 1693 842 1744 observatione
857 1694 954 1746 Breror

49 1783 211 1851 aliorumque
230 1790 347 1844 constat,
370 1780 422 1848 duo
445 1798 523 1847 granu
547 1779 622 1847 hujus
647 1780 754 1832 remedii
779 1779 852 1850 quusi
877 1779 945 1847 ignei

51 1872 138 1924 sensim
152 1869 214 1920 datu
227 1867 365 1920 adustione
376 1885 491 1919 oaususm
504 1867 839 1938 gastritidem,quopropter
848 1887 948 1922 summa

54 1959 169 2009 cautione
188 1956 217 2006 in
236 1973 282 2006 usu
301 1958 355 2021 ejus
378 1957 481 2008 interno
507 1974 572 2025 opus
596 1965 652 2022 est,
677 1966 754 2026 utque
772 1957 871 2023 elucet,
897 1976 945 2010 nos

51 2063 104 2098 raro
124 2044 326 2108 additamentis,
354 2061 419 2113 quae
445 2043 469 2094 ei
493 2043 624 2094 admisceri
647 2045 745 2110 solent,
771 2044 884 2111 indigere
902 2046 948 2098 tla-

7 2167 9 2174 ·
52 2133 199 2200 grantibus,
216 2147 265 2182 neo
283 2147 336 2180 nou
354 2129 580 2200 Brugnatsllr'um,
598 2132 643 2200 qui
656 2129 882 2184 dosinineendiosi
895 2149 953 2185 mo·

54 2197 184 2272 dimidiuis
201 2238 238 2286 gr.
262 2221 294 2288 y}
311 2236 347 2284 gr.
367 2219 389 2269 X
406 2206 454 2287 pro
472 2220 554 2288 spatio
571 2218 732 2285 nycthemeri
750 2219 949 2288 (Formoropeu

57 2309 89 2362 rd
105 2325 153 2362 riso
171 2305 243 2377 degli
259 2307 372 2375 speciali
382 2326 410 2378 p.
429 2305 478 2376 74)
495 2306 663 2376 praescribit,
688 2307 801 2358 incuriae
819 2308 949 2376 vituperio

54 2397 154 2466 exponi.
174 2395 317 2463 Nunquam
332 2393 396 2446 dare
412 2394 473 2445 licet
490 2393 667 2463 phosphorum
683 2396 710 2444 in
728 2395 813 2463 pilulis
828 2403 873 2446 uut
886 2408 951 2446 oon·

54 2501 140 2548 serva,
161 2477 272 2550 praedm
289 2483 320 2536 F.
341 2483 369 2534 C.
388 2483 612 2552 Morgemrerniras
625 2482 711 2534 illum
736 2484 833 2534 miscet.
855 2481 953 2536 Aether·

54 2571 219 2639 sulphnrious
235 2569 447 2639 phosphorum,
466 2571 498 2622 n.
514 2569 653 2639 phosphori
671 2588 708 2637 gr.
726 2568 762 2635 iV
778 2571 843 2622 sols.
858 2570 887 2620 iu
904 2587 948 2624 ae·

53 2657 117 2710 ther.
134 2657 278 2728 sulphurioi
293 2675 351 2710 unc.
365 2657 399 2732 β.
416 2659 489 2710 Doris
503 2659 572 2710 omni
585 2658 688 2711 hihorio
702 2665 766 2724 gott.
782 2657 828 2707 XX
847 2657 947 2718 (Bout-

55 2751 123 2807 toz).
141 2745 238 2796 Aether·
259 2744 428 2813 sulphuribus
446 2745 639 2814 phosphoratus
660 2743 802 2807 Flr'ttneri,
823 2745 853 2794 R.
871 2744 950 2812 phoa·

56 2831 129 2901 phori
145 2851 185 2900 gr.
204 2832 285 2898 xij
302 2832 365 2884 soli.
383 2832 412 2883 iu
429 2833 479 2884 olei
497 2832 593 2884 aether.
606 2831 770 2901 'carpophyli
785 2831 825 2884 dr.
838 2833 863 2900 jjj
878 2832 946 2885 udor.

57 2919 149 2972 aether.
169 2919 313 3000 pulphurioi
331 2921 421 2986 unojj
438 2927 466 2970 et
483 2918 521 2970 dr.
535 2919 568 2972 V.
587 2919 634 2972 Dr.
650 2921 661 2984 i
677 2919 752 2986 hujus
765 2919 875 2971 aetheris
887 2935 956 2972 oon·
1043 2907 1051 2928 ⁸

57 3007 119 3060 tinet
147 3006 291 3077 phosphori
318 3013 355 3076 g'r.
379 3009 397 3074 j.
426 3007 521 3058 Oleum
546 3005 773 3074 curyophyllorum
798 3008 951 3060 aethereum

58 3093 168 3165 disponit
184 3093 334 3160 aetherem,
357 3100 387 3146 nt
410 3096 533 3162 majorem
551 3094 723 3164 quantitatem
739 3093 881 3164 phosphori
898 3095 956 3147 solu¹
1031 3156 1034 3164 Α

58 3191 106 3236 rat.
118 3182 244 3235 Emudsio
255 3181 449 3252 phosphorum,
466 3181 496 3234 R.
510 3180 650 3251 phosphor.
663 3200 699 3248 gr.
713 3183 788 3250 jj-jV
802 3183 851 3234 olei
865 3199 952 3250 amyg-

58 3265 132 3322 dalar.
150 3265 215 3320 unc.
234 3270 262 3336 ᾗς
288 3267 367 3334 diger.
394 3275 421 3320 et
445 3269 574 3318 solutione
600 3275 704 3336 peracta
730 3267 797 3318 adm.
825 3267 951 3334 amygdal.

56 3353 121 3406 dulo.
144 3354 269 3407 excortic.
295 3371 351 3404 uro.
368 3355 395 3423 jjj
420 3353 515 3425 gummi
538 3353 637 3404 mimos.
660 3372 718 3404 unc.
734 3351 762 3426 β
780 3371 837 3423 aqu.
860 3371 953 3424 comm.

56 3457 112 3493 unc.
128 3441 217 3510 iij-jv
231 3459 318 3509 ayrup.
332 3439 363 3491 de
376 3441 439 3492 alth.
453 3439 552 3514 uno.¹ss
562 3441 580 3492 l.
593 3440 683 3492 emuls.
699 3441 729 3491 D.
743 3458 790 3508 pro
805 3443 951 3512 quantitate

57 3527 195 3600 phosphori
213 3527 302 3582 additu
327 3545 342 3582 tt
364 3529 445 3581 eoohl.
459 3526 517 3602 ,Μ
544 3529 702 3594 (Crellius).
729 3527 850 3584 Emulsio
872 3529 958 3598 ptos·
