2348 4146
229 304 253 376 8
556 379 559 384 ,
594 324 754 376 corrone

266 439 366 501 Carbo
386 439 419 500 in
438 441 563 502 frustula
583 447 806 519 comminutus,
836 443 865 502 in
896 463 965 506 ruse
997 431 1119 524 terreo,
1168 425 1170 456 ⁴

226 542 388 624 operculo,
415 542 495 622 quod
516 541 658 601 foramine
679 554 831 625 pertusum
853 540 910 615 sit,
943 543 1033 624 probe
1061 546 1116 623 nb·

226 654 326 720 tecto,
358 655 462 702 uratur
491 663 546 724 per
574 663 665 704 unum
687 645 799 704 dussve
819 645 926 731 horesj
942 643 1120 727 reiiigernti

224 743 379 824 pulverem
410 742 562 803 cinereum
593 744 673 804 forte·
699 745 909 806 adhaerentem
943 746 1018 806 sollis
1044 745 1119 808 lietu

226 841 359 926 expelle,
375 843 594 925 carbonemque
605 841 793 926 superstitem
805 845 907 928 lagena
918 846 1017 908 clause
1026 868 1119 909 serve.

255 1008 318 1058 Not.
337 1007 395 1058 336.
416 1007 498 1057 Germ.
518 1005 621 1073 Kohle‚
648 1008 713 1078 belg.
732 1008 834 1074 Koole,
860 1009 933 1078 angl.
951 1009 1028 1072 coar,
1051 1011 1118 1079 gall.

229 1093 367 1160 Cbnrbou,
385 1112 451 1146 ross.
470 1091 598 1158 ΠΟᾹΒ.
616 1094 700 1148 Carbo
718 1113 798 1164 purus
816 1095 862 1147 Ph.
880 1097 981 1147 Boruss.
1001 1097 1120 1150 Friubilis

227 1189 283 1246 est,
302 1182 398 1246 siccus,
418 1189 445 1233 et
463 1182 594 1251 insipidus.
614 1183 696 1234 Lucet
713 1182 793 1234 rubro
811 1183 927 1252 fislgore,
954 1185 1058 1235 simulac
1081 1201 1137 1237 ex·

229 1267 368 1320 candescit.
405 1268 454 1318 Vis
471 1269 644 1338 ontiseptica,
667 1267 836 1337 desoxyd'nns.
861 1270 1018 1340 Corporibus
1043 1288 1122 1342 quam

226 1356 343 1426 plurimis
369 1355 493 1410 foetorem
519 1358 596 1426 eripit
618 1357 695 1409 carbo
722 1376 803 1428 euque
830 1358 969 1412 decolorat.
1000 1361 1065 1410 Usus
1090 1359 1123 1413 in

225 1440 323 1494 morbis
340 1459 399 1493 cum
417 1441 594 1511 praedominio
612 1445 730 1511 oxygenii
748 1461 806 1510 egr.
825 1445 851 1494 in
869 1444 966 1515 phthisi
979 1445 1124 1514 pulmonali

226 1547 286 1582 cum
304 1532 363 1581 stnsi
381 1531 577 1582 inflammatoris
599 1534 687 1598 juncta
713 1531 855 1598 (florida),
883 1533 994 1586 colluvie
1018 1535 1127 1602 putrida*

227 1619 369 1688 primarum
394 1619 516 1684 viarum,
543 1617 608 1669 febri
632 1617 841 1688 billum-putrida
868 1623 982 1687 (Gay),
1009 1621 1130 1691 obstipu-

147 1699 150 1718 '
226 1706 299 1758 tione
316 1705 401 1756 alvina
420 1705 585 1772 (Miranti),
609 1705 754 1774 dysenterisi
778 1705 893 1769 (luch).
920 1707 999 1757 Dosis
1017 1725 1052 1774 gr.
1072 1709 1125 1763 XV

227 1792 298 1844 omni
316 1791 389 1844 hors.
406 1793 522 1844 Externe
541 1793 652 1844 holitum
670 1793 721 1844 oris
748 1792 872 1844 foetidum
898 1794 1003 1861 corrigit
1026 1794 1126 1863 curbo,

226 1888 254 1932 et
277 1881 393 1932 ulcerum
418 1879 580 1950 putridorum
607 1877 802 1932 sorditudinem.
820 1907 853 1921 -
871 1880 954 1931 Filtra
977 1899 992 1930 a
1009 1881 1130 1935 Smiths'o

225 1980 249 2021 et
263 1967 373 2020 Creten
387 1968 491 2020 invente
504 1975 583 2037 atque
595 1983 677 2037 squne
691 1965 853 2035 depurandse
866 1965 950 2018 dicatu
965 1969 1126 2030 (Fontaines

226 2053 424 2125 depuratoi‘res)
442 2072 545 2106 omnem
563 2055 701 2106 utilitatem
719 2053 824 2118 carboni
838 2052 948 2118 debent,
968 2055 1013 2123 qui
1025 2071 1128 2110 eorum

227 2142 336 2196 lundum
353 2143 474 2208 contegit.
493 2142 647 2194 immittitur
664 2141 762 2211 pariter
785 2143 853 2193 sellis
878 2143 989 2210 per-tusis
1006 2151 1034 2195 et
1049 2142 1127 2197 latri·

229 2231 285 2298 nis,
303 2239 334 2285 ut
350 2229 440 2334 foetidi
457 2248 564 2300 vapores
581 2247 614 2282 en
631 2229 667 2281 eis
685 2238 848 2300 erumpentes
865 2231 1036 2282 retineantur.

400 2427 673 2492 PHOSPHORUS
697 2426 1010 2525 DEPUliATllS.„.p

262 2611 332 2672 tue.
355 2549 522 2688 Phosphori
541 2605 671 2680 vensis,
693 2602 719 2666 si
737 2559 884 2686 impurior
897 2605 1005 2681 fuerit,
1026 2625 1131 2689 quen

348 2717 414 2767 tum
435 2708 490 2766 ris.

263 2809 421 2870 lmmitte
413 2829 441 2866 m
463 2805 719 2867 soccumlinteum
734 2805 789 2865 sub
803 2826 880 2886 equa
899 2802 1023 2886 frigide,
1046 2827 1132 2888 quae

225 2914 333 2974 sensim
356 2907 494 2982 calefiet;
525 2907 672 2968 emollitus
702 2905 891 2988 phosphorus
920 2925 975 2988 per
998 2903 1133 2966 linteum

223 3011 283 3074 leni
312 3008 461 3094 pressione
491 3007 637 3090 pelletur·
668 3009 770 3086 hune,
800 3007 916 3088 penitus
948 3007 977 3064 in
1005 3003 1134 3068 fervide

224 3106 476 3194 andefossum,
468 3129 502 3168 ιιι
527 3109 672 3192 cylindros
694 3105 861 3187 tenuiores,
897 3103 1033 3166 adhibito
1056 3127 1133 3168 mo-

224 3211 296 3272 dulo
319 3214 436 3287 vitreo,
468 3208 567 3290 finge,
597 3227 633 3267 ec
663 3205 695 3268 in
723 3207 845 3287 legens,
879 3227 958 3287 equa
978 3205 1136 3288 depurata

179 3331 190 3336 ·
223 3289 317 3396 probe
338 3312 468 3394 repleta,
488 3308 520 3371 in
540 3310 605 3370 loco
626 3307 754 3368 obscuro
775 3327 869 3370 serve.

252 3473 315 3526 tvos.
334 3473 392 3541 337.
412 3469 600 3540 Phosphorns'
593 3486 708 3538 impurus
725 3466 803 3520 rubet
820 3466 858 3520 ob
871 3465 973 3526 acidum
990 3465 1134 3535 phospho-

203 3559 313 3614 'rosum
331 3560 356 3613 ei
373 3557 534 3626 admixtum,
557 3565 584 3612 et
605 3555 743 3610 carbonem
760 3555 945 3609 inhaerentem.
972 3553 1135 3608 Abluticuis
