2348 4146
420 305 569 362 soror·
893 285 943 362 23'

59 427 159 490 acidum
172 429 308 508 affunde,
330 439 364 490 ut
377 439 508 494 retortae
523 427 633 492 collum
647 449 706 488 non
723 441 843 508 tongat3
866 446 939 488 mox

62 535 180 590 retortam
198 530 231 592 in
255 531 393 592 balncum
413 553 524 592 arenae
546 551 643 612 putre,
665 529 792 592 admove
814 529 957 610 excipuy

61 631 110 688 iuro
135 632 299 692 tubuiatum
332 629 589 715 vacuum,''cujus
620 635 813 698 commissura
845 630 940 694 fasciis

56 729 156 806 linteis,
176 735 237 795 luto
261 754 307 796 ex·
319 755 413 816 gypso
435 749 465 794 et
479 735 627 794 albumine
643 733 694 794 ovi
707 731 813 794 illinitis
827 777 835 811 ,
852 734 938 794 clau·

57 833 141 895 denda
170 850 240 910 est3
270 837 338 897 dein
370 858 439 896 oum
470 835 612 917 excipnlo
645 839 732 918 junge
764 844 940 916 apparatum

55 933 271 1013 Woulfianum,
302 947 450 1016 quantum
478 935 546 1000 fieri
567 938 660 1016 possit
689 933 941 1015 refrigerandum,

56 1033 125 1111 cujus
144 1031 224 1114 prior
246 1034 352 1113 lagena

201 1136 307 1216 Aquae
329 1133 491 1216 depuratos
512 1129 707 1214 vigesimam,

57 1235 184 1311 posterior
449 1238 451 1242 ’

200 1333 350 1396 Ponderis
377 1333 532 1416 utriusque
559 1333 627 1396 salis
659 1335 779 1394 adhibiti
804 1345 941 1415 quartam

242 1450 359 1517 partem
524 1415 528 1429 '

55 1532 216 1615 contineat,
261 1555 298 1592 ac
339 1533 552 1594 commissurae
582 1543 719 1592 scoriate
754 1523 939 1592 claudantur.

53 1631 161 1693 Destillat
181 1654 278 1714 porro
298 1635 366 1714 igne
381 1619 472 1693 initio
493 1631 571 1704 leni,
601 1634 668 1692 dein
702 1634 807 1691 sensim
826 1642 940 1708 aucto,

53 1733 136 1796 donec
156 1747 293 1796 retortae
314 1735 421 1798 surdus
441 1735 588 1812 candeat,
619 1755 673 1794 nec
705 1753 830 1815 vapores
864 1731 940 1792 uite·

54 1830 103 1894 rius
122 1835 315 1896 adscendunt.
735 1835 739 1846 ’

84 1934 231 2015 Apparatu
255 1933 444 2012 refrigerato,
465 1933 522 1994 erit
551 1932 581 1993 in
602 1933 736 2015 exciptrio
758 1931 874 1991 acidum
895 1931 940 1990 ni·

53 2041 152 2093 trosurn
183 2037 510 2112 coricentratissimum,
540 2033 639 2095 subito
665 2031 879 2096 effundendum
912 2031 949 2090 in.

52 2153 93 2192 ras
113 2131 262 2210 v'itreum,
297 2155 356 2193 non
387 2133 444 2194 nisi
473 2135 511 2194 ad
540 2135 615 2195 duas
637 2132 739 2193 tertias
761 2147 860 2214 partes
878 2129 940 2194 im·
967 2214 969 2224 γ
1065 2129 1068 2136 ’

52 2231 179 2310 piendum
191 2281 200 2311 ,
233 2231 394 2314 epistomio
416 2231 511 2292 vitreo
533 2244 670 2293 accurate
692 2233 888 2292 claudendum
910 2241 940 2292 et

54 2331 154 2392 inloco
175 2332 285 2412 frigido
301 2333 488 2394 servantium.
520 2334 552 2392 in
580 2331 684 2411 lagena
713 2336 801 2412 priori
823 2330 952 2393 acidum·

54 2431 185 2492 nitrosum
207 2433 315 2492 haeret
335 2433 521 2506 coloratum,
551 2433 603 2492 sed
626 2435 721 2492 minus
742 2454 941 2514 generosum,

52 2539 78 2587 et
95 2533 121 2590 in
140 2533 252 2614 lagena
275 2530 429 2612 posteriori
450 2533 567 2592 acidum
589 2531 730 2612 decolor,
753 2554 805 2614 gas
826 2530 940 2594 nitroso

54 2628 173 2690 nonnihil
195 2635 444 2710 impraegnatum.
475 2628 514 2690 Hi
542 2651 662 2712 quoque
682 2629 833 2712 liquores,
864 2629 942 2692 vasis

52 2728 136 2790 vitreis
158 2730 255 2812 probe
277 2731 382 2790 clatrsis
396 2774 404 2808 ,
420 2729 461 2788 ad
483 2750 569 2790 usum
591 2730 734 2793 servandi·

85 2829 176 2894 Massa
209 2832 301 2892 satiris
332 2833 361 2890 in
390 2841 502 2891 retorta
533 2845 681 2912 superstes
715 2831 861 2904 solutione
878 2831 943 2912 per
987 2871 996 2892 Ι
1053 2913 1056 2924 .

54 2944 170 3011 squam,
209 2943 240 2991 et
263 2945 397 3012 potasse,
433 2929 457 2990 si
478 2933 663 3011 requiratur,
694 2929 732 2989 ad
759 2933 941 2990 saturitatem

53 3029 161 3110 addita,
182 3055 240 3115 per
254 3029 528 3114 crystallisationem
542 3049 676 3092 sumnus
690 3051 839 3092 rorissin
854 3029 940 3092 sistit.

75 3189 132 3245 Not.
151 3191 211 3258 345.
232 3193 316 3243 Germ.
333 3191 504 3262 Salpctrichte
521 3191 614 3254 Stura,
642 3192 707 3260 belg.
731 3189 939 3260 zatpcteragtiges

56 3271 125 3340 Zuur,
142 3278 216 3346 angl.
235 3275 341 3327 Nitrous
359 3277 445 3340 acide,
462 3277 527 3346 gall.
546 3276 627 3326 Arida
644 3279 764 3338 nitreux,
791 3274 847 3324 irat.
867 3273 939 3324 Ossi-

57 3365 190 3430 teptonico,
210 3382 276 3416 ross.
295 3360 789 3428 ycMEHHAJtCEJttthEHHAfl
802 3359 939 3420 KHCIIO·

57 3442 115 3500 fflA.
131 3448 240 3501 Acidum
267 3451 388 3500 uitricum
414 3449 501 3500 dissert
525 3449 624 3500 ratione
650 3448 750 3499 diversa
775 3448 894 3515 oxygenii
912 3456 940 3499 ct

59 3536 128 3602 uoti,
152 3555 166 3590 e
191 3536 285 3606 quibus
310 3537 483 3606 componitur.
508 3535 618 3590 Aridum
641 3534 770 3588 nitrosum
795 3535 936 3589 secundum
