2338 4144
260 286 329 362 158
381 309 502 358 aanor.
530 311 575 358 nn
593 309 726 362 ‚vaona
752 310 874 372 nouos.
904 307 1095 357 merismu.

278 428 438 480 Extractum
456 427 579 479 taraxaci
595 427 705 479 maxime
723 427 868 478 celebratur
886 426 914 476 in
929 423 1146 478 obstructioniliut

252 514 383 566 viseerum
397 515 545 596 reamandia.
573 514 712 584 Liquidum
737 515 866 584 (mollugo
886 514 1030 573 taraxaci)
1056 512 1148 580 pluria

253 602 285 652 de
303 602 345 654 die
362 602 438 654 datur
455 603 614 662 cochleatim.

474 765 735 830 excaecatur
756 750 901 832 aeolis.

469 965 649 1008 urniorum
670 931 757 1008 leolis
778 969 928 1023 AQUOSUM.

224 1099 228 1108 ’
287 1107 360 1166 linc.
382 1106 471 1188 Aloie's
499 1105 709 1184 meconium,
739 1107 770 1168 in
802 1110 958 1192 pulverem
988 1103 1167 1188 redactae‚³

321 1223 323 1227 ·
427 1209 533 1268 libram
553 1229 664 1286 unam,
1166 1213 1167 1216 ’

387 1310 492 1389 Aquae
513 1306 603 1368 libras
625 1297 708 1370 duas.

285 1406 466 1488 Digerantur
487 1407 580 1466 calide
600 1391 723 1481 invase
744 1406 840 1466 vitreo
869 1407 972 1466 clauso
1000 1429 1059 1488 per
1095 1421 1152 1468 tres

246 1507 328 1581 dies,
351 1507 521 1570 effundatur
541 1505 640 1587 liquor
660 1506 868 1588 refrigeratus,
899 1511 974 1589 qui,
1006 1499 1167 1569 concessa

245 1622 333 1666 antea
354 1609 475 1688 quiete,
497 1617 530 1666 ut
551 1605 747 1668 sedimentum
768 1623 917 1690 ponatur,
939 1629 993 1688 per
1010 1611 1151 1670 chartam

244 1697 394 1782 iiltretur,
427 1729 461 1774 ac
481 1700 629 1768 leuissimo
650 1711 716 1788 igne
737 1707 768 1768 in
791 1729 860 1768 vase
881 1711 976 1770 vitreo
997 1731 1147 1794 evapore-

245 1823 295 1868 tur
315 1809 354 1868 ad
373 1809 506 1882 Extracti
527 1806 754 1890 spissitudinem.

274 1951 336 2008 Νοι
355 1951 414 2020 idq.
432 1951 592 2004 Extremum
611 1951 682 2002 alois
707 1951 778 2002 aicae
804 1951 851 2019 ipsi
869 1953 1087 2020 postponendum
1107 1965 1149 2006 est.

247 2036 310 2090 vid.
328 2047 381 2090 not.
402 2039 442 2104 id.
462 2039 551 2089 Dos'is.
570 2039 605 2089 Ut
621 2047 713 2107 purgat
737 2038 831 2088 dantur
854 2057 891 2106 gr.
909 2038 1028 2103 V-XX,
1059 2053 1091 2094 ut
1116 2045 1151 2094 le·

246 2127 315 2177 niter
334 2127 525 2180 evacuationem
544 2135 712 2195 promoveat,
733 2143 769 2194 gr.
786 2128 848 2193 j-ij.
1166 2133 1167 2152 ¹

412 2295 673 2354 EXTRACTUM
695 2293 979 2354 ANGUSTURAE.

417 2462 596 2503 Exrnlcwm
618 2462 750 2502 conticis
771 2463 972 2502 annuntianti.

283 2603 356 2664 linc.
380 2597 505 2663 Corticis
526 2604 734 2684 Angustum,
764 2601 794 2662 in
825 2602 981 2684 pulverem
1014 2626 1150 2668 arcuum

351 2723 356 2726 ’
423 2704 555 2775 redacti,
576 2702 679 2762 libram
701 2723 816 2776 unam,

384 2806 487 2886 Aquae
507 2801 656 2883 bullientis
677 2801 767 2862 libras
789 2802 902 2864 decem.

282 2903 356 2967 Post
377 2903 569 2986 digestionem
591 2905 717 2964 calidam
738 2926 793 2986 per
812 2902 917 2986 viginti
938 2919 1077 2986 quatuor
1091 2907 1153 2968 ho·

241 3031 289 3072 raa
309 3008 340 3070 in
361 3029 432 3069 vase
453 3007 554 3068 clauso
577 3019 744 3090 coquantur
770 3028 825 3089 per
854 3007 927 3067 duas
954 3009 1062 3070 horas.
1096 3012 1155 3072 Li·

242 3133 320 3194 quor
339 3109 437 3171 calena
463 3109 578 3168 coletur
604 3123 635 3168 et
661 3123 830 3190 seponatur.
850 3109 998 3195 'Residuo
1032 3110 1167 3174 iterum

242 3213 391 3277 addantur
410 3230 506 3292 aquae
533 3208 683 3272 bullientis
714 3209 806 3272 librae
841 3219 935 3282 octo,
968 3208 1152 3296 iterumque

140 3369 143 3374 .
243 3327 410 3396 coquantur
429 3333 484 3396 per
504 3311 579 3373 duas
599 3311 709 3392 borae,
743 3325 774 3372 et
800 3312 896 3393 liquor
921 3311 1021 3372 calens
1045 3311 1167 3396 eapti-³

241 3416 353 3478 mendo
374 3415 497 3478 coletur.
519 3410 665 3496 Liquores
693 3412 777 3475 mixti
800 3413 921 3476 tandem
942 3415 983 3476 ad
1003 3415 1152 3478 Exti-acti

242 3516 369 3578 lot-mam
389 3514 592 3598 inopimcntur.
613 3559 614 3562 η
