2348 4146
157 309 251 358 coar.
278 309 298 356 a
324 306 522 356 couausrro.
549 293 775 350 rmnranara
867 267 908 340 13

35 425 64 475 ab
80 423 160 476 illustri
172 422 363 484 Hoirnemanno
376 421 536 490 excogitata,
554 427 608 470 tam
622 433 702 488 purae
716 430 794 484 quam
809 412 911 482 liquori

37 513 168 579 probatorio
181 513 224 564 Ph.
242 513 284 565 W
283 509 485 579 irtembergicae,
506 507 551 577 qui
565 524 597 558 ea
610 505 763 575 sulphureto
776 501 852 554 culcis
865 517 908 550 ar-

39 599 123 651 sraicoii
137 602 254 668 originem
273 599 361 664 ducit,
380 613 513 667 nunquam
531 611 584 648 non
610 592 639 644 ia
655 592 709 644 vini
726 590 841 659 puritate
866 588 911 638 in·

36 687 130 754 daganda
146 669 265 759 praeferri
290 692 421 752 rueretur,
432 705 436 712 ·
446 703 506 736 nam
524 681 641 736 additum
659 679 760 731 acidum
777 676 886 746 impedit
902 712 910 739 ‚

34 776 152 842 quominus
181 777 292 840 serrum,
311 776 332 826 si
361 791 475 844 unquam
492 772 553 822 vino
585 768 739 832 adhaereat,
771 781 822 816 una
847 779 906 814 curn

33 859 124 926 plumbo
145 862 345 931 praecipitetur,
364 867 442 930 atquo
469 852 615 908 manifestat
640 847 802 904 solummodo
821 848 909 918 culpo·

32 946 97 999 bilem
123 950 216 1002 metalli
243 947 395 1018 posterioria
424 937 489 997 cum¹
510 939 574 1012 p'otn
605 942 738 1012 praeclaro
764 937 909 1008 copulatio-

32 1036 358 1100 neotVireeadomfere,
377 1035 487 1104 quaein
513 1041 573 1082 anto
600 1030 677 1081 dicta.
704 1029 773 1080 Usus
798 1025 910 1096 liquoris

34 1121 94 1189 hujus
109 1125 250 1194 probatorii
267 1126 294 1174 in
313 1122 438 1174 medicina
455 1119 488 1174 ait
506 1112 681 1189 ircqnontior,
706 1125 737 1168 nt
759 1113 817 1168 ficri
839 1113 912 1165 soict.

36 1209 155 1279 ttqaotics
172 1229 233 1264 eum
253 1207 376 1271 adhibui,
394 1225 457 1272 neo,
476 1215 506 1258 ut
523 1205 585 1256 mihi
603 1206 686 1258 visum
709 1211 766 1267 est,
792 1202 847 1252 aine
874 1201 911 1251 ei·

35 1293 85 1346 tectu
99 1299 121 1348 ia
138 1300 217 1352 nimia
235 1297 387 1350 salivatione
399 1295 436 1347 ob
453 1293 613 1364 hydrargyro
631 1297 697 1344 orta.

67 1483 279 1558 CORPORIS
310 1481 652 1558 COMBUSTIBILIS
678 1477 884 1553 OXYDUM.

404 1707 539 1724 -nu--a

249 1887 418 1972 worm
439 1885 690 1950 narramur.
741 1947 744 1952 .

213 2068 303 2121 Aona
340 2065 545 2109 nrsrrzzATA
578 2063 724 2106 sturznx.

68 2206 133 2300 liro.
153 2208 265 2290 Aquae
283 2209 440 2289 pluvialia,
459 2220 604 2292 quantum
623 2211 670 2268 vis.

70 2363 187 2427 Destilla
207 2367 286 2426 varra
305 2363 499 2426 mundissimis
509 2411 520 2440 ‚
539 2365 634 2426 donoc
646 2379 702 2426 tres
715 2379 839 2446 qttortoe
850 2387 921 2445 por-

44 2470 73 2518 to
88 2485 177 2547 oquae
197 2465 350 2526 adhibitae
371 2467 401 2526 in
414 2463 587 2547 &occipitium
607 2470 779 2528 transierint.
801 2468 922 2548 Aquom

43 2559 102 2622 iotae
130 2569 308 2638 collectam,
338 2570 447 2651 rejecta
472 2555 559 2648 pario
586 2569 716 2645 primum
738 2565 922 2647 prodeunte,

35 2668 145 2734 orontius
165 2671 195 2730 in
219 2669 340 2747 lagenos
353 2670 494 2738 minoren,
514 2680 620 2728 exacte
633 2666 810 2748 replendas,
830 2679 858 2726 et
869 2689 921 2725 ac-

44 2776 124 2824 curate
143 2765 354 2838 claudendas,
373 2766 491 2826 immitte
510 2777 541 2824 et
559 2785 651 2825 serua.

333 2867 340 2898 i

64 2923 114 2976 Not.
131 2926 187 2993 440.
204 2928 290 2978 Germ.
305 2925 437 2979 Einfaohes
450 2925 596 2978 destinares
610 2927 730 2993 Wasoer,
744 2927 808 2996 belg.
822 2945 923 2995 gemon-

45 3019 77 3058 uta
88 3011 217 3068 distilleert
230 3015 337 3081 Water,
354 3016 427 3085 angi.
441 3033 561 3068 commori
574 3016 714 3068 distillated
728 3017 836 3081 Water,
852 3020 917 3086 gall.

46 3090 85 3146 tau
101 3099 208 3172 distillce
226 3119 372 3155 commune.
397 3103 486 3173 Aqua,
512 3111 543 3154 ut
560 3120 574 3154 o
591 3101 706 3156 sontibus
731 3103 847 3173 prosilit,
874 3114 920 3158 aut

47 3179 65 3230 i¹1
79 3185 152 3242 flaviis
168 3191 315 3262 reperitur,
333 3199 380 3244 ant
403 3191 468 3244 mari
488 3191 628 3246 lacubuave
653 3195 818 3258 continetur,
844 3194 920 3246 variis

48 3279 110 3326 scam
124 3278 241 3346 partibus
258 3278 405 3347 peregrinio.
428 3282 507 3348 Aqua
513 3281 636 3348 fontana
652 3281 680 3334 in
696 3282 785 3351 primis
803 3289 920 3334 constare

48 3357 98 3410 tolet
112 3379 142 3414 ex
158 3365 233 3417 acido
250 3363 404 3430 narbonico,
423 3374 450 3418 et
467 3365 585 3436 sulphote
603 3375 682 3436 atque
704 3367 843 3420 carbonate
869 3370 920 3420 cal-

49 3446 127 3516 aare,
134 3453 281 3520 fluviatilis
299 3460 433 3522 praeterea
450 3469 483 3506 ex
500 3455 627 3525 principio
650 3457 794 3510 extractivo
811 3465 838 3509 et
864 3475 922 3510 mu-

50 3531 100 3588 n'ate
114 3539 205 3608 rodae,
221 3541 327 3594 marino
344 3557 407 3596 vero
431 3557 464 3594 ex
491 3543 601 3596 muriutc
626 3541 720 3610 rodae,
744 3543 868 3600 colcariae
895 3553 922 3599 et

112 3624 231 3690 Patara.
251 3629 402 3704 Burava,
428 3627 514 3690 Tom.
536 3630 579 3689 II.
821 3653 839 3692 2
