2336 4144
156 273 417 356 mue...voatr..
435 275 499 330 seu
525 274 647 360 suant
672 278 798 330 vnum.
851 282 919 332 211

39 387 207 446 contrarium
239 390 389 469 expressis
413 387 509 471 verbis
530 388 737 474 praecipiatur.
759 393 930 470 Exsiccatio

39 497 124 546 autem
146 491 262 570 optime
285 487 340 548 fiat
360 490 418 549 leni
438 489 519 550 furni
546 490 644 552 calore
673 513 763 574 super
790 493 929 556 laminam

38 585 211 646 metallicam.
236 588 269 646 Si
293 599 393 670 eutem
410 589 501 650 modo
515 587 665 650 ordinario
679 587 747 670 fiat
769 591 852 652 locus
867 603 932 654 uut-

37 684 128 746 brosus
149 686 322 770 eligatur.

68 807 94 846 a
111 788 213 849 Probe
237 789 428 866 curandum,
456 801 491 866 ut
512 789 590 864 haec
607 758 738 872 corpote
755 787 932 874 colligantur

34 906 64 945 eo
82 901 245 972 tempore,
261 911 327 973 quo
348 893 543 994 maximarum
566 913 629 954 esse
646 894 750 988 virium
765 893 930 976 depr-cheu

35 983 141 1049 duntur.
218 1059 220 1066 ‚

68 1092 92 1148 3.
111 1091 238 1152 Debent
272 1113 329 1174 pro
358 1095 439 1155 varia
471 1091 571 1153 indole
601 1104 669 1153 ente
701 1091 930 1174 destillationem

35 1176 193 1266 conscindi,
215 1193 384 1266 contundi,
404 1193 435 1254 in
456 1179 608 1284 pulverem
631 1193 696 1254 teri.

67 1290 92 1364 4.
111 1292 286 1354 Maceratio
308 1295 419 1376 aliquot
440 1297 553 1354 dierum
576 1315 631 1376 pro
652 1293 841 1367 durioribus,
872 1295 925 1354 ad-

38 1386 87 1448 dito
107 1413 205 1474 aquae
228 1394 294 1454 sale
315 1393 485 1484 communi,
506 1392 554 1454 hic
576 1394 820 1454 commendanda

68 1489 92 1549 5.
111 1474 292 1554 Destillatio
313 1515 371 1576 ope
393 1515 488 1576 aquae
509 1493 627 1555 additae
647 1475 716 1556 liat
714 1516 750 1554 ex
765 1497 861 1556 vesica
877 1514 931 1554 cu

38 1607 107 1665 pree,
126 1589 210 1654 intus
228 1595 325 1677 probe
341 1609 447 1666 stanno
461 1595 612 1676 obducta,
635 1616 684 1656 cui
674 1593 879 1656 'elembicus'
873 1616 929 1656 un·

39 1702 148 1764 ponatur
170 1717 210 1755 ex
234 1708 343 1766 stanno
364 1716 441 1778 puro
456 1695 624 1776 confectus,
645 1717 713 1762 cum
727 1694 844 1756 adnexo
860 1715 927 1756 vase

43 1786 171 1868 frigidario
194 1799 319 1878 amplo,
339 1795 487 1876 hujusque
509 1795 625 1884 canali,
646 1795 749 1862 itidem
771 1817 807 1855 ex
821 1807 930 1856 stanno

42 1904 101 1962 puro
128 1895 286 1968 conlecto,
317 1915 364 1954 ne.
386 1895 444 1954 ulla
474 1894 588 1956 ratione
619 1915 742 1976 vapores
764 1915 801 1954 ex
829 1893 929 1954 indole
953 1915 954 1922 ¹

44 1987 110 2046 scida
95 2010 123 2062 a,
144 2015 226 2074 quae
249 1994 281 2054 in
302 1993 402 2054 multis
416 1985 645 2069 manifesta'est‚
666 2005 841 2054 venenatam
859 2012 932 2072 qua·

44 2080 137 2149 itatem
158 2095 351 2156 contrahant.

73 2183 96 2246 6
116 2171 239 2254 Vesica
250 2209 466 2276 quantumpote
487 2195 629 2276 replenda
650 2205 713 2266 est,
734 2190 782 2252 ita
799 2202 901 2254 tamen
916 2238 931 2267 ,,

47 2293 71 2340 tl
87 2308 120 2346 ne
140 2303 265 2376 turgens
286 2294 342 2354 sub
363 2292 536 2376 operatione
558 2293 694 2354 materies
710 2297 737 2353 in
753 2293 929 2354 alembicum

45 2384 194 2456 adscendet.
236 2398 307 2472 Quo
329 2397 412 2454 enim'
429 2395 529 2475 maius.
554 2394 682 2477 spatium
708 2416 796 2478 supra
827 2393 930 2456 destil-

46 2479 114 2546 laada
134 2493 245 2574 detur,
269 2517 306 2554 eo
327 2492 475 2554 difficilius
497 2494 597 2554 oleum
619 2491 781 2556 adscendit.
805 2497 927 2556 Parcior

48 2581 121 2649 etiem
135 2615 234 2676 aquae
249 2595 336 2676 copia
351 2607 396 2656 est
408 2595 586 2682 adjicienda,
607 2597 697 2656 modo
712 2597 786 2658 haec
802 2597 928 2656 sufficiat

49 2698 90 2756 1³¹⁰
107 2694 245 2756 vehiculo
265 2693 344 2768 olei,
364 2706 393 2753 et
414 2693 503 2754 simul
521 2713 717 2776 empyreuma
737 2697 872 2757 evitetur.

80 2805 103 2862 7·
122 2791 200 2874 lgais
229 2817 301 2856 mox
320 2795 359 2854 ab
379 2793 463 2856 initio
485 2793 667 2876 operationis
692 2793 733 2857 ite
756 2793 928 2876 augendus,

50 2894 74 2938 ¹¹2
91 2907 161 2970 aqua
184 2895 320 2958 ebulliat.
352 2897 424 2973 Quo
459 2894 544 2956 citius
570 2898 702 2978 operatio
734 2897 927 2976 absolvatur,

49 2997 75 3036 ⁰⁰
96 2989 190 3055 minus
219 2995 310 3056 calori
341 2997 499 3082 exponitur
520 2995 640 3072 oleum,
672 3010 704 3056 et
731 2993 799 3057 hinc
831 2999 928 3060 miuus

51 3083 145 3154 petitur
163 3093 342 3178 fragrantiae
364 3093 586 3161 detrimentum.

79 3182 103 3242 3·
133 3193 332 3257 Continuetur
364 3195 545 3274 destillatio,
581 3197 676 3258 donec
711 3197 790 3258 duae
824 3195 928 3261 tertiae

53 3297 134 3355 partes
161 3317 256 3378 aquae
287 3296 436 3357 adhibitae
468 3294 658 3372 transierint,
690 3312 745 3360 aut
770 3300 868 3380 potius
889 3319 927 3360 eo
964 3320 967 3326 ·

52 3397 145 3467 1¹⁸que,
175 3397 271 3458 donec
300 3398 414 3458 nullum
433 3397 570 3508 emplius
595 3398 695 3479 oleum
715 3409 854 3461 transeat.
892 3402 929 3466 ln

55 3491 207 3570 corporibus
228 3497 354 3560 durioris
375 3496 525 3583 compagis
556 3520 637 3583 equa
668 3501 826 3584 prolicite,
860 3500 929 3578 oleo
