2336 4144
232 292 305 342 222
358 290 453 340 PING·
475 285 602 340 VOLAT.
625 291 688 338 SEU
705 287 889 348 AROMAAET
906 289 1002 354 Aqua

254 405 320 459 Not.
337 402 397 456 aaa.
415 401 477 454 Van
495 403 575 456 Mons
592 402 721 456 destillare
733 402 815 457 ,docet
831 402 903 454 lianc*
916 421 1013 474 aquam
1038 423 1118 475 magna

163 505 173 516 ”
228 492 394 546 vehementia
408 490 549 562 praeditam
568 509 603 544 ex
618 492 677 546 solis
695 491 761 544 soliis
787 492 934 545 recentibus
953 495 981 544 in
999 498 1119 548 mortario
1155 524 1156 544 r

220 579 324 652 lapideo
341 579 462 644 contusis.
480 577 540 630 Nou
553 579 672 632 transibit
684 589 771 635 autem
785 588 823 631 sat
835 597 926 648 magna
941 599 1028 650 aquae
1042 601 1118 652 quan·

223 673 304 734 tiras,
321 670 370 722 nisi
388 668 497 738 duplum
509 685 591 738 aquae
606 668 690 720 addita
705 666 783 721 faerit
796 669 871 720 soliis.
889 670 947 721 Vis.
962 671 1057 740 Aquae
1070 673 1121 722 lau·

222 758 334 824 roeerasi
351 755 457 810 effectus
475 757 506 808 fit
522 757 595 810 acido
612 757 745 828 hprussico
771 765 849 827 atque
873 757 973 826 pariter
999 758 1122 812 deleteria

222 863 277 898 esse
294 853 388 915 potest.
407 843 471 896 vid..
493 851 547 896 not.
570 862 626 914 ¹77·
651 843 800 914 Adsequata
823 843 892 896 dosis
917 845 1121 899 irritabilitatem

221 934 361 1002 diminuit,
377 933 441 985 dum
457 933 653 1017 sensibilitatem
671 935 812 988 enormiter
829 941 916 1002 auget.
938 935 1028 988 Uncia
1052 936 1121 988 dimi·
1156 989 1157 1004 ¹

221 1022 264 1074 din
280 1021 405 1093 produxit
422 1020 629 1091 oppressionem,
647 1029 675 1074 et
691 1021 791 1090 fi'igoris
814 1039 915 1086 sensum
942 1024 970 1075 iu
1000 1027 1121 1078 universo

218 1129 331 1182 aorpora,
352 1127 415 1164 cum
436 1112 553 1181 plenaria
576 1111 716 1164 anaestesia
741 1112 945 1179 (Tlu'leniur).¹
969 1114 1122 1166 cochlearia

218 1201 288 1267 duo,
306 1217 339 1253 ex
355 1201 456 1252 inscitia
473 1199 580 1252 allectus
598 1199 739 1268 deglutita,
757 1203 948 1270 promptissime
973 1203 1063 1256 vitam
1079 1222 1121 1256 ex·

216 1291 374 1344 senuerunt.
393 1289 604 1352 (Penahienotr').
625 1291 709 1342 Usus:
735 1290 763 1341 in
786 1290 962 1343 obstructione
987 1293 1121 1346 viscerum
1157 1329 1158 1336 κ

218 1377 436 1443 abdominalium,
454 1385 482 1428 et
494 1377 554 1428 stasi
571 1377 717 1444 sauguinis,
735 1395 812 1448 quam
831 1378 1007 1430 atrabilariam
1029 1381 1119 1434 dicunt

214 1465 386 1529 (Karteron,
413 1462 581 1526 Titanius).
605 1463 685 1514 Dosis
709 1481 747 1530 gr.
767 1463 846 1516 Sar-80
870 1465 963 1516 senaim
989 1468 1120 1534 augenda.

215 1551 358 1622 Quaeritur
375 1569 409 1602 an
426 1550 527 1606 aeidum
544 1550 704 1602 borussicum
721 1568 775 1602 non
791 1550 853 1602 huie
866 1568 948 1622 aquae
962 1551 988 1602 in
1005 1553 1119 1605 officinis

214 1637 412 1705 praeferendum
430 1639 462 1688 ait
472 1673 482 1702 ‚.
498 1635 536 1688 ab,
548 1638 676 1690 virtutem
690 1645 717 1689 et
735 1637 787 1688 vim
805 1654 905 1707 semper
922 1637 1000 1689 ineo
1021 1657 1118 1711 aequa·
1158 1681 1159 1712 ἦ

215 1725 274 1776 laur
293 1723 466 1776 Infundantur
483 1725 511 1775 in
528 1723 768 1776 retorta‘borussat.
786 1724 847 1776 ferri
864 1733 892 1775 et
909 1733 1031 1793 potasaae
1056 1729 1089 1798 'p
1106 1731 1123 1794 ji

212 1810 281 1864 aeid.
300 1811 441 1882 sulphurici
458 1819 617 1862 aoneentrat.
634 1811 689 1879 pii
704 1827 763 1862 cum
781 1827 863 1880 aquae
875 1819 942 1880 part.
956 1811 991 1878 jv
1007 1813 1115 1866 dilutae.

211 1899 341 1970 Excipula
358 1887 417 1952 oum
435 1898 543 1950 alcolrol.
562 1917 587 1968 p.
606 1899 641 1965 Vi
658 1893 786 1968 applicato
804 1898 941 1952 destillatio
961 1900 1009 1952 fiat
1034 1905 1118 1954 conti·

212 1987 318 2041 nuauda
335 1987 487 2062 ferensque
505 1986 536 2037 ad
555 1987 696 2043 siccitatem
714 1987 796 2038 minti.
824 1987 922 2059 Liquor
943 1989 972 2040 iu
989 1991 1115 2060 excipulo

216 2076 302 2128 denuo
319 2091 397 2144 super
420 2057 577 2142 magnesiam
597 2082 679 2125 ustam
705 2073 876 2127 destillatione
900 2083 1028 2130 trauseat.
1049 2079 1113 2130 Dein

212 2165 338 2234 excipulo
352 2163 436 2214 adhuc
449 2162 558 2214 alcohol.
576 2181 602 2230 p.
620 2162 637 2228 ἢ
655 2163 772 2214 immissis
790 2170 842 2214 tam
855 2161 900 2213 diu
915 2163 1010 2215 iterata
1027 2165 1110 2218 destil-

212 2252 311 2306 latione
328 2260 418 2322 pergat
434 2250 633 2320 pharmaceuta,
652 2260 681 2304 ut
698 2259 785 2321 partes
803 2259 861 2304 octo
875 2252 902 2302 in
916 2251 1043 2322 excipulo
1056 2271 1117 2304 coa·

213 2340 358 2391 tineantur.
376 2338 457 2389 Dosis
476 2337 542 2389 acidi
559 2337 661 2390 boruss.
677 2338 751 2390 initio
769 2347 835 2407 gott.
853 2337 964 2406 Vr-ijj
983 2356 1035 2407 per
1053 2358 1115 2408 nyc-

213 2425 361 2478 rhemorum
381 2425 512 2486 (laurea).
539 2423 599 2475 vid.
624 2432 679 2476 not.
703 2442 756 2494 ¹77·
782 2423 917 2476 Medicina
943 2426 1113 2478 vauriaurio.

211 2512 346 2562 Assertum
364 2510 474 2560 Browne
490 2509 632 2577 Langrish,
649 2527 716 2577 aqua
728 2509 881 2561 laurooerasi
895 2527 1015 2576 eorywn
1031 2528 1113 2581 equo·

212 2613 271 2649 rum
288 2597 435 2666 pristitinam
452 2597 535 2648 sanari
552 2613 640 2666 posse,
653 2597 774 2665 periculis
791 2599 818 2647 in
836 2594 930 2647 scholis
946 2598 1109 2650 veterinariis

213 2686 311 2752 gallicis
326 2685 450 2737 institutis
467 2702 520 2736 non
537 2693 576 2736 est
593 2683 797 2753 comprobatum.
816 2683 914 2735 Forsan
936 2693 1112 2754 symptomata

214 2772 339 2844 quaedam
358 2771 443 2825 morbi
460 2780 489 2824 ut
506 2771 716 2840 suffimigatioues
741 2789 801 2824 cum
824 2770 1014 2841 auripigmento
1039 2772 1111 2824 miti·

215 2863 300 2928 gavit,
319 2869 346 2912 at
362 2877 415 2912 non
432 2861 515 2914 multo
533 2869 591 2930 post
612 2860 784 2914 clandestinae
808 2859 988 2930 corruptiones
1010 2862 1108 2913 viscera

213 2949 328 3014 bestiae,
346 2965 412 3019 quae
429 2966 609 3002 oonsaueaoare
626 2957 749 3019 putatur,
767 2949 918 3004 subvertere
937 2948 1034 3003 solent.
1053 2953 1112 3004 ,ra-

214 3036 306 3090 aidota.
325 3035 429 3090 Potasaa
444 3053 510 3108 pura
526 3045 554 3090 et
570 3038 707 3090 arnmouia.
