<?xml version="1.0" encoding="UTF-8"?>
<!DOCTYPE html PUBLIC "-//W3C//DTD XHTML 1.0 Transitional//EN"
    "http://www.w3.org/TR/xhtml1/DTD/xhtml1-transitional.dtd">
<html xmlns="http://www.w3.org/1999/xhtml" xml:lang="en" lang="en">
 <head>
  <title>
</title>
<meta http-equiv="Content-Type" content="text/html;charset=utf-8" />
  <meta name='ocr-system' content='tesseract 3.04.00' />
  <meta name='ocr-capabilities' content='ocr_page ocr_carea ocr_par ocr_line ocrx_word'/>
</head>
<body>
  <div class='ocr_page' id='page_1' title='image "./pharmacopoeabat02niemgoog_0256.png"; bbox 0 0 2336 4144; ppageno 0'>
   <div class='ocr_carea' id='block_1_1' title="bbox 406 297 959 377">
    <p class='ocr_par' dir='ltr' id='par_1_1' title="bbox 406 297 959 377">
     <span class='ocr_line' id='line_1_1' title="bbox 406 297 959 377; baseline -0.014 0"><span class='ocrx_word' id='word_1_1' title='bbox 406 322 621 377; x_wconf 72' lang='lat' dir='ltr'><strong>concretum</strong></span> <span class='ocrx_word' id='word_1_2' title='bbox 891 297 959 372; x_wconf 83' lang='lat'><strong>251</strong></span> 
     </span>
    </p>
   </div>
   <div class='ocr_carea' id='block_1_2' title="bbox 60 436 1016 678">
    <p class='ocr_par' dir='ltr' id='par_1_2' title="bbox 60 436 1016 678">
     <span class='ocr_line' id='line_1_2' title="bbox 60 436 961 516; baseline -0.013 -17"><span class='ocrx_word' id='word_1_3' title='bbox 60 452 205 511; x_wconf 78' lang='lat' dir='ltr'><strong>cer-vatur,</strong></span> <span class='ocrx_word' id='word_1_4' title='bbox 232 443 402 514; x_wconf 84' lang='lat' dir='ltr'><strong>compositum</strong></span> <span class='ocrx_word' id='word_1_5' title='bbox 427 451 473 496; x_wconf 84' lang='lat' dir='ltr'><strong>est.</strong></span> <span class='ocrx_word' id='word_1_6' title='bbox 498 443 562 496; x_wconf 84' lang='lat' dir='ltr'><strong>Une.</strong></span> <span class='ocrx_word' id='word_1_7' title='bbox 579 441 607 516; x_wconf 68' lang='grc' dir='ltr'>β</span> <span class='ocrx_word' id='word_1_8' title='bbox 631 439 748 494; x_wconf 85' lang='lat' dir='ltr'><strong>eontinet</strong></span> <span class='ocrx_word' id='word_1_9' title='bbox 772 436 874 492; x_wconf 81' lang='lat' dir='ltr'><strong>circiter</strong></span> <span class='ocrx_word' id='word_1_10' title='bbox 900 441 961 506; x_wconf 75' lang='lat' dir='ltr'><strong>gni</strong></span> 
     </span>
     <span class='ocr_line' id='line_1_3' title="bbox 61 527 1016 607; baseline -0.013 -18"><span class='ocrx_word' id='word_1_11' title='bbox 61 537 127 607; x_wconf 90' lang='lat' dir='ltr'><strong>opii.</strong></span> <span class='ocrx_word' id='word_1_12' title='bbox 137 535 226 587; x_wconf 84' lang='lat' dir='ltr'><strong>Facile</strong></span> <span class='ocrx_word' id='word_1_13' title='bbox 239 541 350 605; x_wconf 74' lang='lat' dir='ltr'><strong>appetet</strong></span> <span class='ocrx_word' id='word_1_14' title='bbox 358 549 466 604; x_wconf 81' lang='lat' dir='ltr'><strong>sequeus</strong></span> <span class='ocrx_word' id='word_1_15' title='bbox 476 533 648 585; x_wconf 74' lang='lat' dir='ltr'><strong>electuarium</strong></span> <span class='ocrx_word' id='word_1_16' title='bbox 661 531 776 600; x_wconf 79' lang='lat' dir='ltr'><strong>opietum</strong></span> <span class='ocrx_word' id='word_1_17' title='bbox 790 537 821 583; x_wconf 88' lang='lat' dir='ltr'><strong>ut</strong></span> <span class='ocrx_word' id='word_1_18' title='bbox 833 527 961 582; x_wconf 80' lang='lat' dir='ltr'><strong>officinate</strong></span> <span class='ocrx_word' id='word_1_19' title='bbox 1015 601 1016 604; x_wconf 8' lang='grc' dir='ltr'><strong>Ἴ</strong></span> 
     </span>
     <span class='ocr_line' id='line_1_4' title="bbox 60 625 472 678; baseline -0.012 -1"><span class='ocrx_word' id='word_1_20' title='bbox 60 625 195 678; x_wconf 84' lang='lat' dir='ltr'><strong>sufficere.</strong></span> <span class='ocrx_word' id='word_1_21' title='bbox 468 631 472 640; x_wconf 90' lang='grc'><strong>’</strong></span> 
     </span>
    </p>
   </div>
   <div class='ocr_carea' id='block_1_3' title="bbox 149 813 898 914">
    <p class='ocr_par' dir='ltr' id='par_1_3' title="bbox 149 813 898 914">
     <span class='ocr_line' id='line_1_5' title="bbox 149 813 898 914; baseline -0.009 -17"><span class='ocrx_word' id='word_1_22' title='bbox 149 889 177 898; x_wconf 81' lang='grc'><strong>,.</strong></span> <span class='ocrx_word' id='word_1_23' title='bbox 218 829 589 914; x_wconf 58' lang='grc' dir='ltr'><em>γΕιΕσΤυΑιῑῙυΜ</em></span> <span class='ocrx_word' id='word_1_24' title='bbox 609 828 822 890; x_wconf 63' lang='lat' dir='ltr'><strong>oestrum</strong></span> <span class='ocrx_word' id='word_1_25' title='bbox 892 813 898 830; x_wconf 73' lang='grc'><strong>“</strong></span> 
     </span>
    </p>
   </div>
   <div class='ocr_carea' id='block_1_4' title="bbox 133 989 899 1152">
    <p class='ocr_par' dir='ltr' id='par_1_4' title="bbox 133 989 899 1152">
     <span class='ocr_line' id='line_1_6' title="bbox 133 989 899 1062; baseline -0.01 -6"><span class='ocrx_word' id='word_1_26' title='bbox 133 1011 362 1057; x_wconf 70' lang='lat' dir='ltr'><strong>nsecrumuuu</strong></span> <span class='ocrx_word' id='word_1_27' title='bbox 387 1008 601 1062; x_wconf 67' lang='lat' dir='ltr'><strong>renouetur,</strong></span> <span class='ocrx_word' id='word_1_28' title='bbox 622 989 688 1054; x_wconf 87' lang='lat' dir='ltr'><strong>loco</strong></span> <span class='ocrx_word' id='word_1_29' title='bbox 712 1000 899 1051; x_wconf 67' lang='lat' dir='ltr'><strong>recurrero</strong></span> 
     </span>
     <span class='ocr_line' id='line_1_7' title="bbox 405 1108 632 1152; baseline -0.009 0"><span class='ocrx_word' id='word_1_30' title='bbox 405 1108 632 1152; x_wconf 65' lang='lat' dir='ltr'><strong>nuuuoueorrr.</strong></span> 
     </span>
    </p>
   </div>
   <div class='ocr_carea' id='block_1_5' title="bbox 106 1273 1012 1853">
    <p class='ocr_par' dir='ltr' id='par_1_5' title="bbox 106 1273 1012 1853">
     <span class='ocr_line' id='line_1_8' title="bbox 106 1273 753 1349; baseline -0.012 -11"><span class='ocrx_word' id='word_1_31' title='bbox 106 1277 188 1338; x_wconf 79' lang='lat' dir='ltr'><strong>Rec.</strong></span> <span class='ocrx_word' id='word_1_32' title='bbox 210 1273 346 1335; x_wconf 81' lang='lat' dir='ltr'><strong>Pulveris</strong></span> <span class='ocrx_word' id='word_1_33' title='bbox 366 1273 529 1333; x_wconf 79' lang='lat' dir='ltr'><em>aromatici</em></span> <span class='ocrx_word' id='word_1_34' title='bbox 550 1273 655 1332; x_wconf 84' lang='lat' dir='ltr'><strong>uncias</strong></span> <span class='ocrx_word' id='word_1_35' title='bbox 675 1289 753 1349; x_wconf 79' lang='lat' dir='ltr'><strong>sex,</strong></span> 
     </span>
     <span class='ocr_line' id='line_1_9' title="bbox 206 1369 976 1454; baseline -0.012 -17"><span class='ocrx_word' id='word_1_36' title='bbox 206 1377 333 1437; x_wconf 82' lang='lat' dir='ltr'><strong>Radicir</strong></span> <span class='ocrx_word' id='word_1_37' title='bbox 346 1371 554 1454; x_wconf 68' lang='lat' dir='ltr'><strong>Serpeutarioe</strong></span> <span class='ocrx_word' id='word_1_38' title='bbox 573 1369 603 1434; x_wconf 86' lang='lat' dir='ltr'><em>V</em></span> <span class='ocrx_word' id='word_1_39' title='bbox 605 1373 790 1452; x_wconf 76' lang='lat' dir='ltr'><strong>irgtuianae,</strong></span> <span class='ocrx_word' id='word_1_40' title='bbox 811 1371 841 1430; x_wconf 85' lang='lat' dir='ltr'><strong>iu</strong></span> <span class='ocrx_word' id='word_1_41' title='bbox 854 1370 976 1450; x_wconf 53' lang='lat' dir='ltr'><strong>puroet</strong></span> 
     </span>
     <span class='ocr_line' id='line_1_10' title="bbox 248 1473 802 1548; baseline -0.009 -12"><span class='ocrx_word' id='word_1_42' title='bbox 248 1497 310 1536; x_wconf 86' lang='lat' dir='ltr'><strong>rem</strong></span> <span class='ocrx_word' id='word_1_43' title='bbox 332 1490 448 1536; x_wconf 84' lang='lat' dir='ltr'><strong>tenuem</strong></span> <span class='ocrx_word' id='word_1_44' title='bbox 470 1477 580 1546; x_wconf 84' lang='lat' dir='ltr'><strong>tritae,</strong></span> <span class='ocrx_word' id='word_1_45' title='bbox 602 1473 707 1534; x_wconf 77' lang='lat' dir='ltr'><strong>uncias</strong></span> <span class='ocrx_word' id='word_1_46' title='bbox 727 1487 802 1548; x_wconf 83' lang='lat' dir='ltr'><strong>tres,</strong></span> 
     </span>
     <span class='ocr_line' id='line_1_11' title="bbox 211 1570 1012 1658; baseline -0.012 -21"><span class='ocrx_word' id='word_1_47' title='bbox 211 1576 284 1656; x_wconf 86' lang='lat' dir='ltr'><strong>Opii</strong></span> <span class='ocrx_word' id='word_1_48' title='bbox 303 1575 445 1658; x_wconf 76' lang='lat' dir='ltr'><strong>depurau&#39;</strong></span> <span class='ocrx_word' id='word_1_49' title='bbox 457 1617 467 1645; x_wconf 93' lang='lat'><em>,</em></span> <span class='ocrx_word' id='word_1_50' title='bbox 488 1573 519 1630; x_wconf 84' lang='lat' dir='ltr'><strong>iu</strong></span> <span class='ocrx_word' id='word_1_51' title='bbox 545 1571 618 1632; x_wconf 84' lang='lat' dir='ltr'><strong>Vini</strong></span> <span class='ocrx_word' id='word_1_52' title='bbox 640 1571 706 1632; x_wconf 83' lang='lat' dir='ltr'><em>albi</em></span> <span class='ocrx_word' id='word_1_53' title='bbox 720 1570 851 1651; x_wconf 82' lang='lat' dir='ltr'><strong>Hispani</strong></span> <span class='ocrx_word' id='word_1_54' title='bbox 866 1588 963 1652; x_wconf 83' lang='lat' dir='ltr'><strong>quan·</strong></span> <span class='ocrx_word' id='word_1_55' title='bbox 1004 1579 1012 1584; x_wconf 85' lang='grc'><strong>“</strong></span> 
     </span>
     <span class='ocr_line' id='line_1_12' title="bbox 246 1671 941 1752; baseline -0.001 -20"><span class='ocrx_word' id='word_1_56' title='bbox 246 1675 329 1733; x_wconf 82' lang='lat' dir='ltr'><strong>titate</strong></span> <span class='ocrx_word' id='word_1_57' title='bbox 350 1671 517 1752; x_wconf 78' lang='lat' dir='ltr'><strong>sufficiente</strong></span> <span class='ocrx_word' id='word_1_58' title='bbox 537 1672 660 1752; x_wconf 64' lang='lat' dir='ltr'><strong>diffusi,</strong></span> <span class='ocrx_word' id='word_1_59' title='bbox 681 1672 881 1743; x_wconf 79' lang='lat' dir='ltr'><strong><em>semunciam,</em></strong></span> <span class='ocrx_word' id='word_1_60' title='bbox 902 1687 904 1690; x_wconf 84' lang='grc'><strong><em>·</em></strong></span> <span class='ocrx_word' id='word_1_61' title='bbox 939 1717 941 1722; x_wconf 69' lang='lat'>,</span> 
     </span>
     <span class='ocr_line' id='line_1_13' title="bbox 207 1771 752 1853; baseline -0.004 -19"><span class='ocrx_word' id='word_1_62' title='bbox 207 1773 308 1834; x_wconf 80' lang='lat' dir='ltr'><strong>Mellis</strong></span> <span class='ocrx_word' id='word_1_63' title='bbox 331 1771 498 1853; x_wconf 80' lang='lat' dir='ltr'><em>despumati</em></span> <span class='ocrx_word' id='word_1_64' title='bbox 518 1773 628 1832; x_wconf 81' lang='lat' dir='ltr'><strong>librum</strong></span> <span class='ocrx_word' id='word_1_65' title='bbox 650 1791 752 1832; x_wconf 81' lang='lat' dir='ltr'><strong>unam.</strong></span> 
     </span>
    </p>
   </div>
   <div class='ocr_carea' id='block_1_6' title="bbox 101 1888 793 2072">
    <p class='ocr_par' dir='ltr' id='par_1_6' title="bbox 101 1888 793 2072">
     <span class='ocr_line' id='line_1_14' title="bbox 104 1888 542 1956; baseline -0.007 -1"><span class='ocrx_word' id='word_1_66' title='bbox 104 1895 211 1956; x_wconf 83' lang='lat' dir='ltr'><em>Misce.</em></span> <span class='ocrx_word' id='word_1_67' title='bbox 234 1895 306 1952; x_wconf 79' lang='lat' dir='ltr'><strong>Fiut</strong></span> <span class='ocrx_word' id='word_1_68' title='bbox 328 1888 542 1952; x_wconf 80' lang='lat' dir='ltr'><strong>Electuarr‘um.</strong></span> 
     </span>
     <span class='ocr_line' id='line_1_15' title="bbox 101 1992 793 2072; baseline -0.007 -17"><span class='ocrx_word' id='word_1_69' title='bbox 101 1997 201 2055; x_wconf 62' lang='lat' dir='ltr'><strong>herta</strong></span> <span class='ocrx_word' id='word_1_70' title='bbox 225 1996 504 2072; x_wconf 79' lang='lat' dir='ltr'><strong>Pharurucopoeam</strong></span> <span class='ocrx_word' id='word_1_71' title='bbox 526 1992 793 2071; x_wconf 81' lang='lat' dir='ltr'><strong>Ediuburgeusem.</strong></span> 
     </span>
    </p>
   </div>
   <div class='ocr_carea' id='block_1_7' title="bbox 53 2148 994 3626">
    <p class='ocr_par' dir='ltr' id='par_1_7' title="bbox 53 2148 994 3626">
     <span class='ocr_line' id='line_1_16' title="bbox 90 2148 960 2219; baseline -0.008 -13"><span class='ocrx_word' id='word_1_72' title='bbox 90 2157 156 2206; x_wconf 87' lang='lat' dir='ltr'><strong>Not.</strong></span> <span class='ocrx_word' id='word_1_73' title='bbox 176 2151 234 2204; x_wconf 82' lang='lat'><strong>536.</strong></span> <span class='ocrx_word' id='word_1_74' title='bbox 252 2151 336 2219; x_wconf 64' lang='lat' dir='ltr'><strong>Scufi</strong></span> <span class='ocrx_word' id='word_1_75' title='bbox 354 2150 486 2206; x_wconf 78' lang='lat' dir='ltr'>electuarii</span> <span class='ocrx_word' id='word_1_76' title='bbox 500 2149 577 2219; x_wconf 85' lang='lat' dir='ltr'><strong>opieti</strong></span> <span class='ocrx_word' id='word_1_77' title='bbox 589 2148 726 2201; x_wconf 80' lang='lat' dir='ltr'><strong>continent</strong></span> <span class='ocrx_word' id='word_1_78' title='bbox 739 2149 840 2200; x_wconf 82' lang='lat' dir='ltr'><strong>circiter</strong></span> <span class='ocrx_word' id='word_1_79' title='bbox 854 2165 960 2216; x_wconf 83' lang='lat' dir='ltr'><strong>granum</strong></span> 
     </span>
     <span class='ocr_line' id='line_1_17' title="bbox 59 2236 994 2310; baseline -0.006 -18"><span class='ocrx_word' id='word_1_80' title='bbox 59 2259 147 2292; x_wconf 85' lang='lat' dir='ltr'><strong>unum</strong></span> <span class='ocrx_word' id='word_1_81' title='bbox 162 2240 224 2308; x_wconf 90' lang='lat' dir='ltr'><strong>opii.</strong></span> <span class='ocrx_word' id='word_1_82' title='bbox 243 2240 274 2290; x_wconf 85' lang='lat' dir='ltr'><strong>lu</strong></span> <span class='ocrx_word' id='word_1_83' title='bbox 288 2255 379 2306; x_wconf 81' lang='lat' dir='ltr'><strong>genere</strong></span> <span class='ocrx_word' id='word_1_84' title='bbox 393 2239 549 2303; x_wconf 82' lang='lat' dir='ltr'><strong>notandum,</strong></span> <span class='ocrx_word' id='word_1_85' title='bbox 564 2237 718 2302; x_wconf 80' lang='lat' dir='ltr'><strong>electuaria,</strong></span> <span class='ocrx_word' id='word_1_86' title='bbox 732 2255 799 2307; x_wconf 87' lang='lat' dir='ltr'><strong>quue</strong></span> <span class='ocrx_word' id='word_1_87' title='bbox 812 2237 899 2306; x_wconf 90' lang='lat' dir='ltr'><strong>opium</strong></span> <span class='ocrx_word' id='word_1_88' title='bbox 915 2236 961 2291; x_wconf 84' lang='lat' dir='ltr'><strong>ab·</strong></span> <span class='ocrx_word' id='word_1_89' title='bbox 990 2304 994 2310; x_wconf 26' lang='lat'>¹</span> 
     </span>
     <span class='ocr_line' id='line_1_18' title="bbox 59 2325 960 2392; baseline -0.004 -13"><span class='ocrx_word' id='word_1_90' title='bbox 59 2327 243 2392; x_wconf 60' lang='lat' dir='ltr'><strong>secusium</strong></span> <span class='ocrx_word' id='word_1_91' title='bbox 257 2328 389 2391; x_wconf 79' lang='lat' dir='ltr'><strong>aruerint,</strong></span> <span class='ocrx_word' id='word_1_92' title='bbox 403 2327 464 2378; x_wconf 86' lang='lat' dir='ltr'><strong>vino</strong></span> <span class='ocrx_word' id='word_1_93' title='bbox 478 2326 510 2378; x_wconf 85' lang='lat' dir='ltr'><strong>ad</strong></span> <span class='ocrx_word' id='word_1_94' title='bbox 524 2326 637 2377; x_wconf 79' lang='lat' dir='ltr'><strong>debitum</strong></span> <span class='ocrx_word' id='word_1_95' title='bbox 650 2325 839 2378; x_wconf 80' lang='lat' dir='ltr'><strong>consistentiam</strong></span> <span class='ocrx_word' id='word_1_96' title='bbox 854 2341 960 2377; x_wconf 87' lang='lat' dir='ltr'><strong>essere·</strong></span> 
     </span>
     <span class='ocr_line' id='line_1_19' title="bbox 59 2414 961 2484; baseline -0.002 -16"><span class='ocrx_word' id='word_1_97' title='bbox 59 2415 200 2480; x_wconf 80' lang='lat' dir='ltr'><strong>ducende,</strong></span> <span class='ocrx_word' id='word_1_98' title='bbox 218 2415 330 2466; x_wconf 81' lang='lat' dir='ltr'><strong>nodosis</strong></span> <span class='ocrx_word' id='word_1_99' title='bbox 347 2416 400 2484; x_wconf 88' lang='lat' dir='ltr'><strong>opii</strong></span> <span class='ocrx_word' id='word_1_100' title='bbox 427 2414 505 2468; x_wconf 82' lang='lat' dir='ltr'><strong>dubia</strong></span> <span class='ocrx_word' id='word_1_101' title='bbox 524 2416 584 2480; x_wconf 80' lang='lat' dir='ltr'><strong>fiat,</strong></span> <span class='ocrx_word' id='word_1_102' title='bbox 602 2415 685 2468; x_wconf 88' lang='lat' dir='ltr'><strong>mellis</strong></span> <span class='ocrx_word' id='word_1_103' title='bbox 702 2423 747 2466; x_wconf 83' lang='lat' dir='ltr'><strong>aut</strong></span> <span class='ocrx_word' id='word_1_104' title='bbox 761 2418 848 2484; x_wconf 71' lang='lat' dir='ltr'><strong>eprupi</strong></span> <span class='ocrx_word' id='word_1_105' title='bbox 861 2414 961 2466; x_wconf 81' lang='lat' dir='ltr'><strong>admix-</strong></span> 
     </span>
     <span class='ocr_line' id='line_1_20' title="bbox 56 2503 956 2572; baseline -0.006 -15"><span class='ocrx_word' id='word_1_106' title='bbox 56 2508 141 2557; x_wconf 82' lang='lat' dir='ltr'><strong>tione.</strong></span> <span class='ocrx_word' id='word_1_107' title='bbox 155 2503 260 2556; x_wconf 89' lang='lat' dir='ltr'><strong>Scatent</strong></span> <span class='ocrx_word' id='word_1_108' title='bbox 272 2503 624 2572; x_wconf 80' lang='lat' dir='ltr'><strong>pharmacopoeceetseripte</strong></span> <span class='ocrx_word' id='word_1_109' title='bbox 638 2503 796 2556; x_wconf 85' lang='lat' dir='ltr'><strong>medicorum</strong></span> <span class='ocrx_word' id='word_1_110' title='bbox 809 2504 956 2554; x_wconf 82' lang='lat' dir='ltr'><strong>electuariis</strong></span> 
     </span>
     <span class='ocr_line' id='line_1_21' title="bbox 55 2591 960 2662; baseline -0.007 -16"><span class='ocrx_word' id='word_1_111' title='bbox 55 2594 164 2662; x_wconf 79' lang='lat' dir='ltr'><strong>opintis.</strong></span> <span class='ocrx_word' id='word_1_112' title='bbox 179 2591 390 2662; x_wconf 74' lang='lat' dir='ltr'><strong>Antiquissimum</strong></span> <span class='ocrx_word' id='word_1_113' title='bbox 404 2600 443 2644; x_wconf 90' lang='lat' dir='ltr'><strong>est</strong></span> <span class='ocrx_word' id='word_1_114' title='bbox 455 2591 535 2656; x_wconf 85' lang='lat' dir='ltr'><strong>illud,</strong></span> <span class='ocrx_word' id='word_1_115' title='bbox 549 2591 627 2660; x_wconf 58' lang='lat' dir='ltr'><strong>quod,</strong></span> <span class='ocrx_word' id='word_1_116' title='bbox 635 2591 765 2644; x_wconf 78' lang='lat' dir='ltr'><strong>Theriaca</strong></span> <span class='ocrx_word' id='word_1_117' title='bbox 780 2591 960 2644; x_wconf 79' lang='lat' dir='ltr'><strong>Andromachi</strong></span> 
     </span>
     <span class='ocr_line' id='line_1_22' title="bbox 54 2675 957 2750; baseline -0.006 -17"><span class='ocrx_word' id='word_1_118' title='bbox 54 2683 175 2745; x_wconf 83' lang='lat' dir='ltr'><strong>dicitur,</strong></span> <span class='ocrx_word' id='word_1_119' title='bbox 193 2681 344 2749; x_wconf 84' lang='lat' dir='ltr'><strong>compositio</strong></span> <span class='ocrx_word' id='word_1_120' title='bbox 363 2679 472 2735; x_wconf 79' lang='lat' dir='ltr'><strong>absurda</strong></span> <span class='ocrx_word' id='word_1_121' title='bbox 490 2675 522 2730; x_wconf 73' lang='lat' dir='ltr'><strong>err</strong></span> <span class='ocrx_word' id='word_1_122' title='bbox 535 2679 691 2750; x_wconf 87' lang='lat' dir='ltr'><strong>simplicibus</strong></span> <span class='ocrx_word' id='word_1_123' title='bbox 710 2687 736 2731; x_wconf 86' lang='lat' dir='ltr'><strong>et</strong></span> <span class='ocrx_word' id='word_1_124' title='bbox 754 2679 809 2730; x_wconf 82' lang='lat' dir='ltr'><strong>aliis</strong></span> <span class='ocrx_word' id='word_1_125' title='bbox 831 2679 957 2746; x_wconf 88' lang='lat' dir='ltr'><strong>composi·</strong></span> 
     </span>
     <span class='ocr_line' id='line_1_23' title="bbox 55 2764 985 2838; baseline -0.005 -18"><span class='ocrx_word' id='word_1_126' title='bbox 55 2772 92 2820; x_wconf 87' lang='lat' dir='ltr'><strong>tis</strong></span> <span class='ocrx_word' id='word_1_127' title='bbox 106 2768 206 2838; x_wconf 85' lang='lat' dir='ltr'><strong>puriter</strong></span> <span class='ocrx_word' id='word_1_128' title='bbox 218 2767 342 2821; x_wconf 83' lang='lat' dir='ltr'><strong>absurdis.</strong></span> <span class='ocrx_word' id='word_1_129' title='bbox 360 2769 419 2820; x_wconf 88' lang='lat' dir='ltr'><strong>Non</strong></span> <span class='ocrx_word' id='word_1_130' title='bbox 433 2777 533 2838; x_wconf 83' lang='lat' dir='ltr'><strong>tempus</strong></span> <span class='ocrx_word' id='word_1_131' title='bbox 546 2776 658 2819; x_wconf 84' lang='lat' dir='ltr'><strong>teramus</strong></span> <span class='ocrx_word' id='word_1_132' title='bbox 671 2768 698 2817; x_wconf 92' lang='lat' dir='ltr'><strong>in</strong></span> <span class='ocrx_word' id='word_1_133' title='bbox 710 2767 759 2819; x_wconf 80' lang='lat' dir='ltr'><strong>hac</strong></span> <span class='ocrx_word' id='word_1_134' title='bbox 773 2764 957 2830; x_wconf 80' lang='lat' dir='ltr'><strong>exscribenda,</strong></span> <span class='ocrx_word' id='word_1_135' title='bbox 981 2819 985 2824; x_wconf 68' lang='grc'>,</span> 
     </span>
     <span class='ocr_line' id='line_1_24' title="bbox 55 2853 957 2926; baseline -0.003 -19"><span class='ocrx_word' id='word_1_136' title='bbox 55 2859 87 2908; x_wconf 91' lang='lat' dir='ltr'><strong>in</strong></span> <span class='ocrx_word' id='word_1_137' title='bbox 106 2856 185 2908; x_wconf 82' lang='lat' dir='ltr'><strong>variis</strong></span> <span class='ocrx_word' id='word_1_138' title='bbox 202 2855 410 2925; x_wconf 82' lang='lat' dir='ltr'><strong>pharmacopoeis</strong></span> <span class='ocrx_word' id='word_1_139' title='bbox 428 2856 511 2908; x_wconf 84' lang='lat' dir='ltr'><strong>obvia.</strong></span> <span class='ocrx_word' id='word_1_140' title='bbox 538 2855 573 2907; x_wconf 93' lang='lat' dir='ltr'><strong>Ut</strong></span> <span class='ocrx_word' id='word_1_141' title='bbox 591 2853 673 2906; x_wconf 78' lang='lat' dir='ltr'><strong>dicum</strong></span> <span class='ocrx_word' id='word_1_142' title='bbox 696 2853 767 2926; x_wconf 88' lang='lat' dir='ltr'><strong>quod</strong></span> <span class='ocrx_word' id='word_1_143' title='bbox 788 2855 887 2920; x_wconf 83' lang='lat' dir='ltr'><strong>sentio,</strong></span> <span class='ocrx_word' id='word_1_144' title='bbox 906 2855 957 2904; x_wconf 76' lang='lat' dir='ltr'><strong>ele·</strong></span> 
     </span>
     <span class='ocr_line' id='line_1_25' title="bbox 55 2942 957 3013; baseline -0.003 -19"><span class='ocrx_word' id='word_1_145' title='bbox 55 2945 193 2996; x_wconf 76' lang='lat' dir='ltr'><strong>etnnrium</strong></span> <span class='ocrx_word' id='word_1_146' title='bbox 210 2961 269 2995; x_wconf 91' lang='lat' dir='ltr'><strong>cum</strong></span> <span class='ocrx_word' id='word_1_147' title='bbox 287 2945 364 3012; x_wconf 88' lang='lat' dir='ltr'><strong>opio,</strong></span> <span class='ocrx_word' id='word_1_148' title='bbox 384 2943 404 2994; x_wconf 89' lang='lat' dir='ltr'><strong>si</strong></span> <span class='ocrx_word' id='word_1_149' title='bbox 423 2944 479 3012; x_wconf 84' lang='lat' dir='ltr'><strong>quis</strong></span> <span class='ocrx_word' id='word_1_150' title='bbox 493 2960 524 2994; x_wconf 90' lang='lat' dir='ltr'><strong>eo</strong></span> <span class='ocrx_word' id='word_1_151' title='bbox 536 2959 624 2994; x_wconf 82' lang='lat' dir='ltr'><strong>cerere</strong></span> <span class='ocrx_word' id='word_1_152' title='bbox 636 2951 768 3013; x_wconf 82' lang='lat' dir='ltr'><strong>nequeat,</strong></span> <span class='ocrx_word' id='word_1_153' title='bbox 787 2942 872 2994; x_wconf 82' lang='lat' dir='ltr'><strong>stetim</strong></span> <span class='ocrx_word' id='word_1_154' title='bbox 886 2958 957 2992; x_wconf 90' lang='lat' dir='ltr'><strong>com·</strong></span> 
     </span>
     <span class='ocr_line' id='line_1_26' title="bbox 54 3029 954 3101; baseline -0.004 -17"><span class='ocrx_word' id='word_1_155' title='bbox 54 3033 123 3101; x_wconf 90' lang='lat' dir='ltr'><strong>poni</strong></span> <span class='ocrx_word' id='word_1_156' title='bbox 137 3032 251 3100; x_wconf 82' lang='lat' dir='ltr'><strong>poterit,</strong></span> <span class='ocrx_word' id='word_1_157' title='bbox 268 3048 317 3084; x_wconf 86' lang='lat' dir='ltr'><strong>nec</strong></span> <span class='ocrx_word' id='word_1_158' title='bbox 330 3047 394 3100; x_wconf 88' lang='lat' dir='ltr'><strong>opus</strong></span> <span class='ocrx_word' id='word_1_159' title='bbox 408 3030 473 3095; x_wconf 83' lang='lat' dir='ltr'><strong>erit,</strong></span> <span class='ocrx_word' id='word_1_160' title='bbox 493 3041 522 3082; x_wconf 90' lang='lat' dir='ltr'><strong>ut</strong></span> <span class='ocrx_word' id='word_1_161' title='bbox 536 3033 563 3082; x_wconf 93' lang='lat' dir='ltr'><strong>in</strong></span> <span class='ocrx_word' id='word_1_162' title='bbox 577 3031 685 3082; x_wconf 82' lang='lat' dir='ltr'><strong>officinis</strong></span> <span class='ocrx_word' id='word_1_163' title='bbox 704 3038 809 3101; x_wconf 86' lang='lat' dir='ltr'><strong>prostet.</strong></span> <span class='ocrx_word' id='word_1_164' title='bbox 829 3029 887 3082; x_wconf 87' lang='lat' dir='ltr'><strong>Non</strong></span> <span class='ocrx_word' id='word_1_165' title='bbox 900 3046 954 3080; x_wconf 87' lang='lat' dir='ltr'><strong>om·</strong></span> 
     </span>
     <span class='ocr_line' id='line_1_27' title="bbox 54 3115 954 3186; baseline -0.004 -16"><span class='ocrx_word' id='word_1_166' title='bbox 54 3120 102 3170; x_wconf 80' lang='lat' dir='ltr'><strong>nia</strong></span> <span class='ocrx_word' id='word_1_167' title='bbox 121 3118 260 3170; x_wconf 79' lang='lat' dir='ltr'><strong>electuaria</strong></span> <span class='ocrx_word' id='word_1_168' title='bbox 278 3119 305 3170; x_wconf 89' lang='lat' dir='ltr'><strong>in</strong></span> <span class='ocrx_word' id='word_1_169' title='bbox 323 3126 439 3170; x_wconf 83' lang='lat' dir='ltr'><strong>veterum</strong></span> <span class='ocrx_word' id='word_1_170' title='bbox 458 3116 648 3186; x_wconf 68' lang='lat' dir='ltr'><strong>dispensatoriis</strong></span> <span class='ocrx_word' id='word_1_171' title='bbox 665 3117 817 3184; x_wconf 82' lang='lat' dir='ltr'><strong>cognomine</strong></span> <span class='ocrx_word' id='word_1_172' title='bbox 841 3115 954 3168; x_wconf 80' lang='lat' dir='ltr'><strong>theriaca</strong></span> 
     </span>
     <span class='ocr_line' id='line_1_28' title="bbox 53 3204 954 3274; baseline -0.006 -15"><span class='ocrx_word' id='word_1_173' title='bbox 53 3214 152 3259; x_wconf 82' lang='lat' dir='ltr'><strong>notata</strong></span> <span class='ocrx_word' id='word_1_174' title='bbox 171 3205 257 3274; x_wconf 87' lang='lat' dir='ltr'><strong>opium</strong></span> <span class='ocrx_word' id='word_1_175' title='bbox 275 3206 418 3258; x_wconf 84' lang='lat' dir='ltr'><strong>continent.</strong></span> <span class='ocrx_word' id='word_1_176' title='bbox 437 3205 588 3256; x_wconf 81' lang='lat' dir='ltr'><strong>Philonium</strong></span> <span class='ocrx_word' id='word_1_177' title='bbox 606 3223 743 3256; x_wconf 82' lang='lat' dir='ltr'><strong>roruuuum</strong></span> <span class='ocrx_word' id='word_1_178' title='bbox 756 3204 890 3272; x_wconf 70' lang='lat' dir='ltr'><strong>et&#39;requies</strong></span> <span class='ocrx_word' id='word_1_179' title='bbox 905 3206 954 3255; x_wconf 88' lang='lat' dir='ltr'><strong>Ni·</strong></span> 
     </span>
     <span class='ocr_line' id='line_1_29' title="bbox 56 3285 955 3362; baseline -0.002 -16"><span class='ocrx_word' id='word_1_180' title='bbox 56 3296 205 3346; x_wconf 75' lang='lat' dir='ltr'><strong>culcitam</strong></span> <span class='ocrx_word' id='word_1_181' title='bbox 224 3293 289 3344; x_wconf 79' lang='lat' dir='ltr'><strong>fame</strong></span> <span class='ocrx_word' id='word_1_182' title='bbox 312 3301 339 3344; x_wconf 89' lang='lat' dir='ltr'><strong>et</strong></span> <span class='ocrx_word' id='word_1_183' title='bbox 355 3293 558 3362; x_wconf 86' lang='lat' dir='ltr'><strong>compositione,</strong></span> <span class='ocrx_word' id='word_1_184' title='bbox 585 3285 661 3362; x_wconf 82' lang='lat' dir='ltr'><strong>quam</strong></span> <span class='ocrx_word' id='word_1_185' title='bbox 688 3291 780 3344; x_wconf 80' lang='lat' dir='ltr'><strong>effectu</strong></span> <span class='ocrx_word' id='word_1_186' title='bbox 807 3293 898 3343; x_wconf 84' lang='lat' dir='ltr'><strong>nocivo</strong></span> <span class='ocrx_word' id='word_1_187' title='bbox 923 3309 955 3344; x_wconf 81' lang='lat' dir='ltr'><strong>cx</strong></span> 
     </span>
     <span class='ocr_line' id='line_1_30' title="bbox 57 3379 953 3451; baseline -0.002 -19"><span class='ocrx_word' id='word_1_188' title='bbox 57 3382 145 3437; x_wconf 83' lang='lat' dir='ltr'><strong>abusu</strong></span> <span class='ocrx_word' id='word_1_189' title='bbox 159 3389 279 3451; x_wconf 75' lang='lat' dir='ltr'><strong>pronote,</strong></span> <span class='ocrx_word' id='word_1_190' title='bbox 292 3381 401 3434; x_wconf 84' lang='lat' dir='ltr'><strong>invicem</strong></span> <span class='ocrx_word' id='word_1_191' title='bbox 416 3399 474 3432; x_wconf 91' lang='lat' dir='ltr'><strong>cum</strong></span> <span class='ocrx_word' id='word_1_192' title='bbox 489 3381 601 3433; x_wconf 77' lang='lat' dir='ltr'><strong>thcriuca</strong></span> <span class='ocrx_word' id='word_1_193' title='bbox 616 3379 785 3431; x_wconf 78' lang='lat' dir='ltr'><strong>Andromachi</strong></span> <span class='ocrx_word' id='word_1_194' title='bbox 795 3381 953 3449; x_wconf 87' lang='lat' dir='ltr'><strong>potissimum</strong></span> 
     </span>
     <span class='ocr_line' id='line_1_31' title="bbox 55 3468 953 3540; baseline 0 -20"><span class='ocrx_word' id='word_1_195' title='bbox 55 3478 204 3522; x_wconf 82' lang='lat' dir='ltr'><strong>certarunt.</strong></span> <span class='ocrx_word' id='word_1_196' title='bbox 224 3471 357 3538; x_wconf 70' lang='lat' dir='ltr'><strong>Corfictio</strong></span> <span class='ocrx_word' id='word_1_197' title='bbox 374 3470 462 3540; x_wconf 84' lang='lat' dir='ltr'><strong>opiutu</strong></span> <span class='ocrx_word' id='word_1_198' title='bbox 481 3469 526 3522; x_wconf 75' lang='lat' dir='ltr'><strong>Pu.</strong></span> <span class='ocrx_word' id='word_1_199' title='bbox 545 3471 576 3522; x_wconf 81' lang='lat' dir='ltr'><strong>L.</strong></span> <span class='ocrx_word' id='word_1_200' title='bbox 591 3469 621 3521; x_wconf 84' lang='lat' dir='ltr'><strong>R.</strong></span> <span class='ocrx_word' id='word_1_201' title='bbox 635 3469 686 3537; x_wconf 84' lang='lat' dir='ltr'><strong>opii</strong></span> <span class='ocrx_word' id='word_1_202' title='bbox 704 3469 833 3538; x_wconf 84' lang='lat' dir='ltr'><strong>purificati</strong></span> <span class='ocrx_word' id='word_1_203' title='bbox 851 3468 907 3521; x_wconf 85' lang='lat' dir='ltr'><strong>duri</strong></span> <span class='ocrx_word' id='word_1_204' title='bbox 926 3470 953 3520; x_wconf 94' lang='lat' dir='ltr'><strong>in</strong></span> 
     </span>
     <span class='ocr_line' id='line_1_32' title="bbox 53 3555 950 3626; baseline -0.003 -16"><span class='ocrx_word' id='word_1_205' title='bbox 53 3557 195 3626; x_wconf 77' lang='lat' dir='ltr'><strong>pulverem</strong></span> <span class='ocrx_word' id='word_1_206' title='bbox 212 3558 268 3609; x_wconf 88' lang='lat' dir='ltr'><strong>triti</strong></span> <span class='ocrx_word' id='word_1_207' title='bbox 286 3557 324 3608; x_wconf 78' lang='lat' dir='ltr'><strong>dr.</strong></span> <span class='ocrx_word' id='word_1_208' title='bbox 343 3557 395 3624; x_wconf 66' lang='lat' dir='ltr'><strong>Vi,</strong></span> <span class='ocrx_word' id='word_1_209' title='bbox 413 3557 493 3626; x_wconf 87' lang='lat' dir='ltr'><strong>piper.</strong></span> <span class='ocrx_word' id='word_1_210' title='bbox 512 3556 580 3626; x_wconf 81' lang='lat' dir='ltr'><strong>long.</strong></span> <span class='ocrx_word' id='word_1_211' title='bbox 599 3555 720 3625; x_wconf 84' lang='lat' dir='ltr'><strong>zingiber.</strong></span> <span class='ocrx_word' id='word_1_212' title='bbox 738 3573 799 3610; x_wconf 84' lang='lat' dir='ltr'><strong>sem.</strong></span> <span class='ocrx_word' id='word_1_213' title='bbox 814 3557 883 3611; x_wconf 82' lang='lat' dir='ltr'><strong>cervi</strong></span> <span class='ocrx_word' id='word_1_214' title='bbox 902 3573 950 3608; x_wconf 82' lang='lat' dir='ltr'><strong>ene</strong></span> 
     </span>
    </p>
   </div>
   <div class='ocr_carea' id='block_1_8' title="bbox 0 0 1172 4144">
    <p class='ocr_par' dir='ltr' id='par_1_8' title="bbox 0 0 1172 4144">
     <span class='ocr_line' id='line_1_33' title="bbox 0 0 1172 4144; baseline 0 2"><span class='ocrx_word' id='word_1_215' title='bbox 0 0 1172 4144; x_wconf 95' lang='lat' dir='ltr'><strong> </strong></span> 
     </span>
    </p>
   </div>
  </div>
 </body>
</html>
