2348 4146
480 300 584 354 scios
655 339 658 346 .
932 313 976 388 s9

77 411 178 494 phiala
196 423 373 494 contentus,
394 416 431 475 sit
452 415 591 478 librarum
613 417 750 481 duarum.
773 419 830 482 Hie
845 423 981 503 prudeu-

80 525 128 570 ter
146 511 201 572 suh
220 515 344 572 camino
360 512 492 587 ellissus,
513 536 603 590 vose,
629 516 786 600 epistomio
810 519 903 583 vitreo
924 524 979 585 sita

80 611 195 686 clauso,
214 615 246 670 iu
266 613 335 672 loco
356 611 498 707 frigidiori
520 627 662 677 servatur.

113 711 184 770 Hoc
206 732 261 822 pro
281 711 382 772 usibus
404 703 646 794 pharmaceuticis
673 719 743 777 sotis
774 737 882 799 purum
915 719 979 780 soi·

74 811 172 886 dum,
194 811 220 872 si
240 834 296 894 pro
317 816 418 875 usibus
443 815 587 877 chemicis
611 817 850 933 exquisitionibus
881 819 1009 906 depo?
1038 826 1040 836 ’

72 933 140 973 rare
163 911 290 994 cupias,
312 916 391 974 adds
488 907 493 918 ’

110 1013 277 1092 Bru-‚ytam
299 1015 384 1073 arido
414 1013 594 1097 sulphuroso
623 1017 794 1078 abundante
824 1017 953 1080 solutam
968 1065 984 1096 ,

68 1112 212 1188 tamdiu,
234 1115 330 1175 douec
350 1116 469 1176 dssimr
489 1109 703 1201 praecipitatio

96 1276 163 1326 Mat.
180 1272 240 1340 341.
257 1277 340 1326 G'erms
355 1275 531 1329 Schweflichte
545 1278 624 1330 S'aiure
634 1314 648 1344 ,,
656 1277 856 1330 unvollsommue
870 1278 979 1332 schws·

70 1361 199 1427 frisium,
220 1363 284 1432 belg.
303 1365 494 1432 Zwavelagtiges
513 1367 596 1431 Zour,
620 1367 700 1436 angl..
719 1366 873 1434 sulphurous
895 1365 970 1432 ariri,

66 1452 133 1520 gall.
153 1450 229 1501 acide
247 1451 387 1503 sulfureus.
409 1453 533 1518 Aridum,
552 1454 621 1524 quod
640 1453 761 1506 methodo
779 1453 910 1524 praedicta
924 1454 976 1506 dh·-

67 1539 215 1589 stillatione
239 1538 388 1604 obtinetur,
414 1548 452 1591 est
473 1541 576 1592 auidum
600 1541 741 1610 sulphorici
771 1543 884 1609 generis,
910 1541 971 1594 alias

67 1628 181 1696 sps'riarrs
198 1627 334 1696 sulphuris
349 1647 396 1696 per
412 1647 565 1697 campanam
584 1638 769 1699 nuncupatum.
784 1629 933 1682 Adhaereut
946 1629 976 1680 ei·

69 1715 214 1783 partieutae
232 1715 375 1784 sulphuris,
395 1729 460 1786 quae
479 1734 530 1768 uon
550 1717 651 1784 penitus
669 1716 827 1784 acesoebsut.
854 1715 978 1783 Hydrax·-¹

69 1820 163 1869 gyrum
181 1803 211 1852 in
230 1801 350 1871 adoptata
365 1801 539 1872 „destillatione
556 1803 677 1873 absorbet
694 1803 811 1870 oxygonii
835 1803 968 1874 quantita·

69 1895 120 1940 tem
139 1906 174 1939 ex
194 1887 267 1939 acido
286 1887 447 1956 sulphurico‚
466 1887 542 1960 quod
553 1891 717 1957 transmigrat
744 1897 772 1940 ut
789 1887 970 1959 sulphurosum

68 1977 94 2026 in
112 1975 230 2046 phialam
249 1993 388 2028 annesamr.
402 1977 471 2027 Cum
484 1987 573 2028 autem
587 1977 769 2046 pharmaceuta
786 1993 878 2044 parum
901 1975 968 2026 iodi-

65 2073 124 2130 geat
141 2063 264 2130 sulphate
282 2063 433 2130 hydiurgyri
451 2064 483 2114 iir
494 2064 634 2116 cucurbita„
656 2064 773 2128 residuo,
793 2080 840 2114 nec
861 2063 915 2136 ipsa
928 2061 973 2114 db-

67 2152 175 2203 rtillatio
194 2151 265 2208 omni
284 2151 436 2204 difficultate
454 2151 487 2204 sit
512 2151 652 2218 dissutum,
679 2168 735 2204 eam
760 2152 966 2221 anteponendum

67 2256 121 2292 usse
139 2240 225 2304 duco,
244 2257 310 2308 quae
328 2241 359 2290 fit
376 2258 408 2291 ex
426 2240 490 2291 acidi
517 2242 657 2310 sulphurici
676 2243 834 2292 concontrati
854 2241 967 2310 uucsjV

66 2327 137 2394 pulv.
157 2325 273 2377 carbon„
285 2325 363 2392 unc.j
383 2335 478 2377 retorta
496 2326 554 2377 libr.
568 2327 598 2393 jjj'
608 2344 690 2396 aquae
704 2329 774 2395 prius
787 2327 890 2378 referta.
909 2326 968 2380 sat,

66 2413 137 2464 ficiet
155 2412 242 2462 forsan
261 2411 428 2480 therapeutas
446 2412 578 2464 dissolutio
597 2413 634 2465 dr.
653 2416 667 2480 f·
680 2413 808 2482 sulphuris
835 2415 969 2481 pulverati'

66 2503 93 2550 in
111 2498 179 2550 acidi
197 2498 339 2568 sulphurici
359 2518 416 2550 unc.
433 2501 449 2566 j
461 2508 519 2568 post
540 2499 618 2551 borae
642 2497 818 2574 quadtahtem:
837 2509 965 2568 peracta,

67 2595 146 2656 atque
165 2599 211 2637 sex
232 2586 312 2635 unciis
325 2603 406 2654 aquae
421 2585 562 2637 destillatae
575 2586 698 2652 mitigata
718 2587 798 2638 dcido
812 2587 965 2654 sulphuroso

66 2675 157 2726 similis
176 2683 216 2726 est
230 2675 334 2736 cfyssm
347 2675 488 2725 anui'uonz'i
500 2675 553 2725 sive
566 2675 668 2738 clyssus
681 2675 816 2744 sulplusrs's
829 2683 963 2740 veterum,

68 2762 128 2830 qui,
148 2768 257 2830 peracta
275 2759 439 2810 detonatione
456 2760 518 2809 uitri
536 2777 593 2810 cum
611 2758 727 2828 partibus
744 2759 893 2830 aequalibus
919 2759 973 2809 sti·-

63 2845 101 2898 tii
118 2854 146 2898 et
164 2844 313 2913 sulphuris,
332 2845 358 2895 in
376 2862 418 2895 vas
436 2844 564 2912 excipiens
586 2843 686 2896 transit.
714 2843 770 2894 Vis.
795 2843 891 2896 Differt'
909 2843 963 2896 nori

65 2952 161 3004 param
179 2933 282 2984 acidum
300 2932 484 3002 sulphurosum
498 2931 617 2983 abscido
634 2931 783 3002 sulphurico
801 2932 965 2986 virtutum·

67 3023 124 3074 dica
141 3030 171 3074 et
188 3021 315 3088 affinitate
333 3020 462 3092 chararico,
481 3017 529 3071 ne'o
541 3017 712 3090 praetermitti
726 3019 803 3072 debet
815 3020 865 3072 hoc
878 3021 966 3076 discri-

66 3131 141 3178 men,
161 3129 222 3164 cum
234 3109 345 3161 medicis
363 3110 484 3179 temporis
498 3109 575 3178 elapsi
589 3108 769 3178 sulphurosum
783 3111 872 3175 majori
886 3109 965 3160 fuerit

67 3201 92 3252 in
110 3219 169 3252 usu.
189 3199 306 3264 Excitat,
325 3207 352 3248 et
368 3214 487 3266 oxygenu
479 3196 658 3249 connubium
675 3197 781 3268 appetit.
807 3197 878 3248 Usus
902 3212 969 3248 cum

68 3303 134 3357 aqua
151 3304 202 3357 pro
220 3292 286 3355 potu
303 3283 336 3335 's'u
343 3281 457 3336 febribus
475 3281 605 3339 nervosis..
903 3287 908 3298 ’
