2348 4146
882 226 897 262 s

114 327 118 336 '
187 385 190 396 1
243 327 284 375 12
373 327 472 375 CORP.
499 327 520 374 E
546 325 748 376 couausnla.
774 322 1000 376 natantum
1025 325 1029 333 ’

294 544 405 623 AQun
425 543 861 606 HYDRO-SULPHURATA
883 543 1073 606 uolunta

925 661 930 690 t

437 724 518 778 Aqua
545 725 884 765 summano-nemum.
907 727 931 763 B.

306 823 388 878 Aqua
409 823 553 863 annuet
574 825 709 864 actuum.
729 823 838 890 tlQUOn
859 822 1057 866 rnoataoaws

587 922 782 964 ΉΑΠΝΕΜΔΝΝΙ.

271 1067 345 1130 Rae.
388 1064 564 1150 sulphurati
583 1066 695 1146 calcia,

383 1166 468 1228 Acidi
489 1169 649 1246 tartarosi,
673 1167 826 1248 utriusque
846 1165 1002 1228 drachmas
1023 1166 1104 1232 duas
1115 1213 1126 1250 ,

383 1271 487 1348 Aquae
508 1267 671 1350 deputatae
692 1265 793 1328 uncias
815 1261 955 1367 sedpcim.
994 1337 997 1344 Ι

273 1411 487 1493 Sulphuretum
508 1420 539 1470 et
558 1409 694 1483 acidum,
716 1408 840 1472 seorsim
861 1410 892 1470 in
913 1390 1071 1493 pulveiem
1089 1431 1136 1473 re·

233 1514 323 1576 ducta
335 1559 345 1588 ,
361 1513 395 1572 in
415 1513 518 1594 ingena
539 1514 653 1584 vitrea,
681 1533 759 1595 aqua
781 1511 901 1587 addita,
929 1513 1022 1595 prode
1044 1513 1129 1576 clau·

232 1615 350 1694 denda,
372 1613 495 1676 sollicite
518 1617 685 1695 agitantum
716 1626 880 1696 seponatur
900 1611 970 1673 dein
993 1635 1069 1691 vas,
1103 1625 1137 1676 ut

230 1716 383 1800 quiescat,
404 1737 463 1794 ac,
485 1713 651 1777 sedimento
668 1717 722 1777 nite
737 1717 923 1798 composito,
946 1713 1050 1797 liquor
1072 1713 1136 1778 lim·

231 1819 319 1904 pidus
339 1817 510 1878 effundatur
531 1820 559 1877 in
581 1819 735 1899 lagenam,

384 1914 467 1976 Acidi
488 1919 624 1976 tartarosi
647 1915 767 1978 unciam
788 1913 940 1976 dimidiam

230 2015 433 2080 continentem
450 2061 458 2096 ‚
477 2032 511 2078 et
531 2028 648 2100 peracta
663 2016 830 2097 solutione,
843 2014 955 2099 lagenis
971 2014 1135 2086 minoribus

235 2129 375 2179 accurate
396 2115 514 2200 repletis
535 2131 676 2179 servetur.

263 2259 326 2312 Not.
342 2259 400 2327 339.
416 2261 499 2312 Germ.
509 2245 1134 2324 Sauc'riirbcaschucieiwasaerstoiibaitigesWar-

238 2364 295 2413 ner,
314 2347 544 2411 Hahncmanusche
561 2345 736 2416 Wcjnprobe,
765 2347 829 2418 belg.
855 2345 964 2414 zuurtyk
985 2347 1133 2398 zwavelwa·

236 2433 342 2487 terstois
351 2433 499 2484 lroudcndcs
512 2433 620 2498 Watcr,
638 2433 710 2502 angi.
724 2432 841 2483 acctated
854 2430 1132 2502 hydro-sulphuretted

233 2521 342 2584 Water,
359 2521 426 2592 gali.
446 2521 497 2572 Ean
516 2517 725 2587 hydro-sulfur&
750 2519 857 2570 acidula.
885 2517 958 2589 Aqua
983 2517 1133 2586 hydro-sul·

233 2603 344 2676 phurata
362 2606 461 2656 acidula
478 2605 606 2674 pcliucida
624 2613 678 2671 cst,
697 2613 724 2656 et
740 2613 841 2656 eructat
861 2614 890 2655 ut
908 2603 1062 2655 antecedens
1087 2621 1127 2672 gas

234 2693 397 2763 hepaticum,
415 2710 463 2744 ncc
474 2689 514 2742 'ab
530 2692 579 2743 hoc
597 2692 685 2744 dissert
701 2693 749 2743 nisi
768 2691 841 2743 acido
863 2700 989 2744 tartaroso
1015 2690 1132 2757 adjecto,

233 2779 401 2850 quamobrem
425 2783 593 2842 Fourcrcyus
619 2796 709 2849 puram
735 2780 793 2832 ioco
820 2779 934 2832 acidulae
960 2789 1086 2850 tanquam
1103 2777 1132 2828 li·

232 2884 341 2936 quorem
359 2865 536 2934 probatorium
555 2868 582 2916 in
600 2865 651 2916 vini
667 2867 812 2918 innocentia
826 2866 983 2936 exploranda
997 2881 1128 2916 commen·

233 2949 286 3001 dat.
305 2951 460 3019 Praecipitat
477 2967 543 3018 pura
561 2959 589 3000 ut
607 2949 707 3002 acidula
724 2953 828 3002 metalla
845 2970 877 3003 ex
891 2950 1064 3004 solutionibus
1078 2951 1129 3002 suit

235 3037 306 3091 varic
324 3039 453 3103 color-ata,
472 3055 564 3107 nempe
581 3048 731 3104 argentum,
757 3037 964 3108 hydrargyrum,
991 3048 1018 3089 et
1035 3037 1132 3089 bismu·

233 3125 356 3178 tbum‘cr
375 3126 446 3176 acido
464 3125 557 3177 uitrico
577 3135 604 3176 et
622 3127 719 3178 acetico
737 3126 784 3177 sub
802 3128 888 3178 colore
908 3128 997 3194 nigro,
1018 3126 1129 3194 hydrar·

232 3231 323 3282 gyrum
341 3231 372 3265 cx
386 3214 458 3266 acido
472 3217 606 3266 muriatico
620 3215 668 3267 sub
682 3225 755 3281 ntro,
773 3233 831 3267 mox
847 3233 878 3266 cx
892 3225 948 3267 atro
962 3215 1128 3278 candicante,

232 3301 352 3365 aincum,
366 3301 413 3352 sub
427 3302 496 3367 albo,
511 3305 700 3369 mangancsium
713 3303 761 3354 sub
774 3301 868 3372 pallide
882 3302 959 3368 flavo,
974 3301 1128 3364 arsenicum,

233 3384 281 3438 sub
299 3389 463 3453 aurantiaco,
482 3391 623 3441 arsenicum
641 3408 699 3441 cum
713 3390 827 3459 pauxillo
841 3391 941 3459 plumbi
956 3393 1067 3444 mixtum
1082 3387 1128 3441 sub

236 3474 375 3539 coccineo,
394 3475 515 3541 stibium,
533 3478 581 3528 sub
599 3478 728 3543 lateritio,
747 3477 843 3530 serrum
868 3487 895 3530 et
921 3480 1058 3548 plumbum
1085 3477 1129 3528 da·

238 3561 317 3632 nique
331 3562 379 3614 sub
393 3565 556 3633 nigrimculo.
571 3567 646 3634 Aqua
658 3565 905 3639 hydro-sulphurata
919 3567 1022 3620 acidula
1029 3575 1128 3628 autem,
